Unique Order ID,Cogs,DifferenceBetweenActualandTargetProfit,Date,Inventory Margin,Margin,Market_size,Market,Marketing,Profit,Sales,Target_cogs,Target_margin,Target_profit,Target_sales,Total_expenses
LHL2-303-691,51,-35,10-01-2012,503,71,Major Market,Central,46,-5,122,30,60,30,,76
LHM2-970-876,52,-24,10-01-2012,405,71,Major Market,Central,17,26,123,30,,50,90,45
LHL2-409-733,43,-22,10-02-2012,419,64,Major Market,South,13,28,,30,60,50,90,36
LTD1-850-944,38,-15,10-03-2012,871,56,Major Market,East,,35,94,40,60,50,100,21
LTG1-562-476,72,6,10-04-2012,650,110,Major Market,West,23,56,182,20,60,,80,54
BED2-712-770,0,-29,10-05-2012,430,43,Small Market,Central,0,31,,0,60,60,60,12
BED2-860-200,47,-29,10-06-2012,375,64,Small Market,East,15,21,111,30,60,50,90,
BCD2-918-495,27,-39,10-07-2012,859,39,Small Market,South,7,,66,30,60,60,90,18
BCD2-775-592,31,-43,10-08-2012,1000,37,Small Market,West,9,7,68,30,,50,90,30
BED2-435-300,40,-23,10-09-2012,881,59,Small Market,West,11,37,99,,60,60,80,22
BCA1-603-764,49,-27,10-10-2012,310,71,Small Market,East,15,33,,30,60,60,90,38
BCC1-603-696,45,-26,10-11-2012,447,69,Small Market,East,14,24,114,30,60,,90,45
BEC1-603-456,45,-37,10-12-2012,320,64,Small Market,East,,-7,109,30,60,30,90,71
BEL1-318-412,60,-9,10/13/2012,-762,84,Small Market,South,54,1,144,,60,10,90,83
BCC1-775-840,34,-32,10/14/2012,240,43,Small Market,West,12,-2,77,40,60,30,,45
BEL1-503-848,54,-28,10/15/2012,404,66,Small Market,West,20,12,,40,60,40,100,54
LHC2-573-511,45,-36,10/16/2012,320,64,Small Market,Central,41,-6,109,20,60,30,80,70
LHL2-262-397,48,-15,10/17/2012,851,70,Small Market,Central,13,45,118,30,60,60,90,25
LHC2-801-122,49,-27,10/18/2012,310,71,Small Market,West,15,33,120,30,60,60,90,38
LHL2-425-878,48,-13,10/19/2012,829,71,Small Market,West,13,47,119,30,60,60,90,24
LTD1-860-789,40,-14,10/20/2012,881,59,Small Market,East,,36,99,40,60,50,100,23
LTE1-971-849,82,14,10/21/2012,788,123,Small Market,West,27,64,205,30,60,50,,59
LTG1-971-373,91,26,10/22/2012,656,127,Small Market,West,28,76,218,40,,50,100,51
BCD2-915-833,40,-14,10/23/2012,536,52,Major Market,South,13,26,92,,60,40,100,26
BED2-210-136,50,8,10/24/2012,589,73,Major Market,South,14,48,123,30,60,40,90,25
BCC1-970-669,40,-13,10/25/2012,536,52,Major Market,Central,13,27,,30,60,40,90,25
BEC1-774-331,52,-8,10/26/2012,554,68,Major Market,East,47,-8,120,50,60,0,,76
LHM2-954-822,75,14,10/27/2012,1063,89,Major Market,East,23,44,,50,60,30,110,45
LHL2-936-217,46,1,10/28/2012,424,68,Major Market,South,14,31,114,40,60,30,100,37
LTD1-719-985,55,-5,10/29/2012,410,69,Major Market,Central,20,15,124,,60,20,100,54
LTD1-847-299,50,8,10/30/2012,589,73,Major Market,Central,14,48,123,40,60,40,100,25
LTE1-719-332,57,-1,10/31/2012,1042,68,Major Market,Central,17,29,125,40,60,30,100,39
LTD1-339-832,36,-9,11-01-2012,862,52,Major Market,East,10,31,88,30,60,40,90,21
BED2-314-278,33,-23,11-02-2012,836,48,Small Market,Central,9,27,81,40,60,,100,21
BCD2-504-957,31,-22,11-03-2012,856,47,Small Market,South,8,28,78,30,60,50,90,19
BCD2-580-151,36,-10,11-04-2012,862,52,Small Market,South,10,30,,40,60,40,100,22
BED2-225-723,49,4,11-05-2012,454,71,Small Market,South,15,34,120,30,60,30,90,37
BCA1-262-671,54,-6,11-06-2012,391,67,Small Market,Central,20,14,121,,60,20,110,53
BCA1-603-942,46,-10,11-07-2012,316,67,Small Market,East,14,30,113,40,60,40,100,37
BCC1-603-134,43,-10,11-08-2012,452,66,Small Market,East,14,20,109,30,60,30,90,
BEC1-603-978,44,-18,11-09-2012,325,62,Small Market,East,40,-8,106,40,60,10,100,70
BEC1-225-631,53,19,11-10-2012,321,88,Small Market,South,,49,141,40,60,30,100,39
BEC1-425-456,54,-7,11-11-2012,391,67,Small Market,West,20,,121,50,60,20,110,54
LHC2-918-295,54,-7,11-12-2012,391,67,Small Market,South,20,,121,50,60,20,110,54
LHC2-801-307,46,0,11/13/2012,316,67,Small Market,West,14,30,113,,60,30,100,37
LHL2-435-382,43,-10,11/14/2012,452,66,Small Market,West,14,20,109,40,60,30,100,46
LHL2-509-918,47,4,11/15/2012,834,68,Small Market,West,13,44,115,,60,40,100,
LTG1-203-983,36,-7,11/16/2012,809,54,Small Market,East,10,33,90,30,60,40,90,21
LTG1-206-777,61,1,11/17/2012,613,86,Small Market,West,55,1,147,40,60,0,,85
BCD2-682-707,43,-10,11/18/2012,531,56,Major Market,South,14,30,99,50,,40,110,26
BED2-214-202,54,12,11/19/2012,601,79,Major Market,South,15,52,133,40,60,40,100,27
LHL2-970-522,47,-6,11/20/2012,521,65,Major Market,Central,42,-6,112,40,60,0,100,71
LHM2-303-173,54,-1,11/21/2012,424,73,Major Market,Central,17,29,127,50,,30,110,44
LHL2-954-907,65,3,11/22/2012,403,80,Major Market,East,24,,145,40,60,20,100,57
LHM2-561-442,80,20,11/23/2012,1079,96,Major Market,East,24,50,176,60,60,30,120,46
LHC2-469-366,54,-2,11/24/2012,424,73,Major Market,South,17,28,,50,60,30,110,45
LHL2-214-382,41,-6,11/25/2012,435,60,Major Market,South,13,24,101,30,60,30,90,36
LTE1-619-159,54,3,11/26/2012,601,79,Major Market,West,15,53,133,,60,50,90,26
BED2-314-510,31,-23,11/27/2012,844,46,Small Market,Central,8,27,77,30,60,50,90,19
BCD2-225-867,34,-19,11/28/2012,863,51,Small Market,South,9,31,85,40,,50,100,20
BCD2-580-374,33,-22,11/29/2012,870,49,Small Market,South,9,28,82,30,60,50,90,21
BCC1-603-178,48,-2,11/30/2012,462,74,Small Market,East,15,28,,40,60,30,100,46
BEL1-985-160,55,-3,12-01-2012,-1053,76,Small Market,South,49,-3,131,40,60,0,100,79
BEC1-505-447,49,-15,12-02-2012,335,69,Small Market,South,44,-5,118,30,60,10,90,74
BCC1-775-583,39,-19,12-03-2012,250,49,Small Market,West,14,1,88,40,60,20,,48
LHC2-417-238,49,-5,12-04-2012,335,69,Small Market,Central,44,-5,118,40,60,0,100,74
LHC2-920-225,41,0,12-05-2012,320,66,Small Market,Central,12,30,107,30,60,30,90,36
LHL2-573-253,92,-4,12-06-2012,1898,68,Small Market,Central,28,16,160,,60,20,140,52
LHL2-475-490,68,7,12-07-2012,619,85,Small Market,East,25,27,153,50,60,20,110,58
LHM2-475-797,63,-4,12-08-2012,1075,76,Small Market,East,19,36,139,40,60,40,100,40
LHM2-435-849,92,-3,12-09-2012,1898,68,Small Market,West,28,17,160,80,60,20,140,51
LTE1-920-264,55,-3,12-10-2012,627,76,Small Market,Central,49,-3,131,,60,0,100,79
LHL2-720-243,51,-37,12-11-2012,503,71,Major Market,Central,46,-7,130,30,60,30,90,76
LHM2-970-900,52,-11,12-12-2012,405,71,Major Market,Central,17,39,,30,60,50,90,45
LHL2-430-867,43,-8,12/13/2012,419,64,Major Market,South,13,42,114,30,60,,90,36
LTD1-561-836,,2,12/14/2012,871,56,Major Market,East,10,52,100,40,60,50,100,21
LTG1-510-530,72,33,12/15/2012,650,110,Major Market,West,23,83,194,20,60,50,80,54
BED2-563-658,0,-14,12/16/2012,430,43,Small Market,Central,0,46,46,0,60,60,60,12
BED2-203-604,47,-19,12/17/2012,375,64,Small Market,East,15,31,118,30,60,50,90,43
BCD2-405-417,27,-29,12/18/2012,859,39,Small Market,South,7,31,70,30,60,60,,18
BCD2-775-196,,-40,12/19/2012,1000,37,Small Market,West,9,10,72,30,60,50,90,30
BED2-435-814,40,-5,12/20/2012,881,59,Small Market,West,11,55,106,20,60,60,80,22
BCA1-603-341,49,-11,12/21/2012,310,71,Small Market,East,15,49,128,,60,60,90,38
BCC1-603-141,45,-14,12/22/2012,447,69,Small Market,East,14,36,121,30,60,50,90,45
BEC1-603-170,45,-40,12/23/2012,320,64,Small Market,East,41,-10,,30,60,30,90,71
BEL1-504-462,,-9,12/24/2012,-762,84,Small Market,South,54,1,153,30,60,10,90,83
BCC1-702-732,34,-33,12/25/2012,240,43,Small Market,West,12,-3,82,40,60,30,100,45
BEL1-971-130,54,-22,12/26/2012,404,66,Small Market,West,20,18,128,40,,40,100,54
LHC2-573-120,45,-39,12/27/2012,320,64,Small Market,Central,41,-9,116,20,60,30,80,70
LHL2-262-869,48,7,12/28/2012,851,70,Small Market,Central,13,67,126,30,60,60,,25
LHC2-801-153,,-11,12/29/2012,310,71,Small Market,West,15,49,128,30,60,60,90,38
LHL2-509-439,48,10,12/30/2012,829,71,Small Market,West,13,70,127,30,60,60,90,24
LTD1-475-984,40,3,12/31/2012,881,59,Small Market,East,11,53,106,,60,50,100,23
LTE1-503-959,82,45,01-01-2013,788,123,Small Market,West,27,95,218,30,60,50,90,59
LTG1-541-305,91,63,01-02-2013,656,127,Small Market,West,28,113,232,40,60,,100,51
BCD2-936-964,40,-1,01-03-2013,536,52,Major Market,South,13,39,98,40,60,40,100,26
BED2-254-358,50,31,01-04-2013,589,73,Major Market,South,14,71,131,30,60,40,90,25
BCC1-719-346,40,0,01-05-2013,536,52,Major Market,Central,13,40,,30,60,40,90,25
BEC1-339-791,52,-12,01-06-2013,554,68,Major Market,East,47,-12,128,50,60,0,110,76
LHM2-561-303,75,35,01-07-2013,1063,89,Major Market,East,23,65,175,50,60,30,110,45
LHL2-806-332,46,16,01-08-2013,424,68,Major Market,South,14,46,121,40,60,30,100,37
LTD1-719-789,55,2,01-09-2013,410,69,Major Market,Central,20,22,132,,60,20,100,54
LTD1-708-943,50,31,01-10-2013,589,73,Major Market,Central,14,71,131,40,60,40,100,
LTE1-719-204,,13,01-11-2013,1042,68,Major Market,Central,17,43,133,40,60,30,100,39
LTD1-351-169,36,6,01-12-2013,862,52,Major Market,East,10,46,94,,60,40,90,21
BED2-636-315,33,-10,1/13/2013,836,48,Small Market,Central,9,,86,40,60,50,100,21
BCD2-504-665,31,-8,1/14/2013,856,47,Small Market,South,8,42,83,30,60,50,90,19
BCD2-580-938,36,5,1/15/2013,862,52,Small Market,South,10,,94,40,60,40,100,22
BED2-337-886,49,20,1/16/2013,454,71,Small Market,South,15,50,128,30,60,30,90,37
BCA1-262-592,54,1,1/17/2013,391,67,Small Market,Central,20,21,129,,60,20,110,53
BCA1-603-436,46,5,1/18/2013,316,67,Small Market,East,14,45,120,40,60,,100,37
BCC1-603-358,43,0,1/19/2013,452,66,Small Market,East,14,30,116,30,60,30,90,46
BEC1-603-303,44,-22,1/20/2013,325,62,Small Market,East,40,-12,113,40,60,10,100,70
BEC1-318-269,53,43,1/21/2013,321,88,Small Market,South,16,73,150,,60,30,100,39
BEC1-206-709,54,-1,1/22/2013,391,67,Small Market,West,20,19,129,50,60,20,110,54
LHC2-580-762,54,-1,1/23/2013,391,67,Small Market,South,20,19,129,50,60,20,110,54
LHC2-435-643,46,15,1/24/2013,316,67,Small Market,West,14,45,120,40,60,30,,37
LHL2-435-409,43,0,1/25/2013,452,66,Small Market,West,14,30,116,40,60,30,100,46
LHL2-253-816,47,25,1/26/2013,834,68,Small Market,West,13,65,123,,60,40,100,24
LTG1-203-239,36,9,1/27/2013,809,54,Small Market,East,10,49,96,30,60,40,90,21
LTG1-509-939,61,1,1/28/2013,613,86,Small Market,West,55,1,157,40,60,0,,85
BCD2-956-298,,5,1/29/2013,531,56,Major Market,South,14,45,106,50,60,40,110,26
BED2-430-796,54,37,1/30/2013,601,79,Major Market,South,15,77,142,40,60,40,100,27
LHL2-719-514,47,-9,1/31/2013,521,65,Major Market,Central,42,-9,,40,60,0,100,71
LHM2-970-435,54,13,02-01-2013,424,73,Major Market,Central,17,43,135,50,60,30,110,44
LHL2-305-101,65,14,02-02-2013,403,80,Major Market,East,24,34,155,40,60,,100,57
LHM2-407-949,80,44,02-03-2013,1079,96,Major Market,East,24,74,188,60,60,30,120,46
LHC2-325-816,54,12,02-04-2013,424,73,Major Market,South,17,42,135,50,60,30,110,45
LHL2-430-650,41,6,02-05-2013,435,60,Major Market,South,,36,108,30,60,30,90,36
LTE1-408-662,54,29,02-06-2013,601,79,Major Market,West,15,79,142,30,60,50,90,26
BED2-816-417,31,-10,02-07-2013,844,46,Small Market,Central,8,40,,30,60,50,90,19
BCD2-337-876,34,-4,02-08-2013,863,51,Small Market,South,9,46,91,40,60,50,100,20
BCD2-918-530,33,-8,02-09-2013,870,49,Small Market,South,9,42,87,30,60,,90,21
BCC1-603-145,,12,02-10-2013,462,74,Small Market,East,15,42,130,40,60,30,100,46
BEL1-225-602,55,-4,02-11-2013,-1053,76,Small Market,South,49,-4,,40,60,0,100,79
BEC1-505-747,49,-17,02-12-2013,335,69,Small Market,South,44,-7,126,30,60,10,90,74
BCC1-702-460,,-19,2/13/2013,250,49,Small Market,West,14,1,94,40,60,20,100,48
LHC2-314-741,49,-7,2/14/2013,335,69,Small Market,Central,44,-7,126,40,60,0,100,74
LHC2-920-119,41,15,2/15/2013,320,66,Small Market,Central,12,45,114,30,,30,90,36
LHL2-417-956,92,4,2/16/2013,1898,68,Small Market,Central,28,24,171,80,60,20,140,
LHL2-860-409,68,20,2/17/2013,619,85,Small Market,East,25,40,163,50,60,20,110,58
LHM2-203-403,63,13,2/18/2013,1075,76,Small Market,East,19,53,148,40,60,,100,40
LHM2-435-904,92,5,2/19/2013,1898,68,Small Market,West,28,25,171,80,60,20,140,51
LTE1-262-849,55,-4,2/20/2013,627,76,Small Market,Central,49,-4,,40,60,,100,79
BCC1-719-216,39,-23,2/21/2013,541,51,Major Market,Central,12,27,90,30,50,50,80,24
LHM2-305-443,80,8,2/22/2013,1055,94,Major Market,East,24,48,174,40,50,40,90,46
LTD1-303-410,54,-17,2/23/2013,404,66,Major Market,Central,20,13,120,30,50,,80,53
LTE1-303-778,54,-13,2/24/2013,1037,64,Major Market,Central,16,27,118,30,50,40,80,37
LTD1-508-733,27,-30,2/25/2013,859,39,Major Market,East,7,20,,20,50,50,70,19
LTE1-209-955,76,29,2/26/2013,580,111,Major Market,West,21,79,187,30,50,50,80,32
BED2-715-709,22,-40,2/27/2013,573,29,Small Market,Central,7,10,51,20,50,50,70,19
BEC1-319-952,23,-32,2/28/2013,800,35,Small Market,Central,6,18,58,20,,50,70,17
LHL2-959-793,,4,03-01-2013,593,98,Small Market,East,30,34,177,40,50,30,90,64
LHM2-860-204,65,-15,03-02-2013,1053,77,Small Market,East,20,35,142,30,,50,80,42
LTD1-262-478,46,-10,03-03-2013,449,67,Small Market,Central,14,30,113,20,50,40,70,37
LTE1-715-355,,0,03-04-2013,606,84,Small Market,Central,54,0,144,40,50,0,90,84
LTD1-206-458,60,17,03-05-2013,329,99,Small Market,West,18,57,,20,50,40,70,42
LHL2-773-353,40,-3,03-06-2013,536,52,Major Market,Central,13,27,92,30,50,30,80,25
LHL2-614-327,36,-10,03-07-2013,862,52,Major Market,Central,10,30,88,30,50,40,80,22
LHL2-617-742,55,-5,03-08-2013,410,69,Major Market,East,20,15,124,40,,20,90,54
LHM2-707-703,40,-3,03-09-2013,536,52,Major Market,West,13,27,92,30,50,30,80,25
LTD1-352-424,28,-17,03-10-2013,875,42,Major Market,East,7,23,70,20,50,40,70,19
LTG1-561-173,31,-12,03-11-2013,856,47,Major Market,East,8,28,78,30,,40,80,19
LTG1-351-757,32,-11,03-12-2013,482,48,Major Market,East,8,29,,30,50,40,80,19
LTE1-650-250,50,7,3/13/2013,589,73,Major Market,West,14,47,,30,50,40,80,26
BED2-712-336,0,-9,3/14/2013,387,43,Small Market,Central,0,31,43,0,,40,50,12
BCD2-505-886,,-18,3/15/2013,1804,40,Small Market,South,25,-8,122,90,50,10,140,48
BEC1-515-207,22,-24,3/16/2013,802,34,Small Market,Central,6,16,56,20,50,40,,18
BEC1-505-176,44,-7,3/17/2013,325,62,Small Market,South,40,-7,106,30,50,0,80,69
BCC1-775-514,33,-14,3/18/2013,243,41,Small Market,West,12,-4,74,30,50,10,80,45
LHC2-573-850,44,-8,3/19/2013,325,62,Small Market,Central,40,-8,106,40,50,0,90,70
LHL2-262-190,31,-13,3/20/2013,856,47,Small Market,Central,8,27,,20,50,40,70,20
LHM2-475-211,69,8,3/21/2013,1060,81,Small Market,East,21,38,150,50,50,30,100,43
LTD1-262-201,49,13,3/22/2013,454,71,Small Market,Central,15,33,120,40,,20,90,38
LTE1-206-435,49,4,3/23/2013,454,71,Small Market,West,15,34,120,30,50,30,80,37
BCC1-970-920,43,-1,3/24/2013,531,56,Major Market,Central,14,29,99,,50,30,90,27
BCC1-614-826,,4,3/25/2013,435,60,Major Market,Central,13,24,101,40,50,20,90,36
BEC1-339-647,47,-10,3/26/2013,571,52,Major Market,East,42,-20,,40,50,-10,90,72
LHL2-773-887,43,-1,3/27/2013,531,56,Major Market,Central,14,,99,40,50,30,90,27
LHM2-805-849,43,-1,3/28/2013,531,56,Major Market,West,14,29,99,40,50,30,90,27
LTD1-303-822,46,-4,3/29/2013,422,57,Major Market,Central,17,,103,30,50,10,80,51
LTE1-303-240,53,6,3/30/2013,1054,63,Major Market,Central,16,26,116,40,50,20,90,37
LTD1-617-705,33,-11,3/31/2013,870,49,Major Market,East,9,29,82,30,50,40,80,
LTG1-863-631,34,-10,04-01-2013,863,51,Major Market,East,9,30,85,30,50,40,80,21
BED2-641-933,0,-8,04-02-2013,344,43,Small Market,Central,0,32,,0,50,40,50,11
BED2-225-532,43,7,04-03-2013,466,63,Small Market,South,13,27,106,30,50,20,80,36
BCD2-702-803,31,-22,04-04-2013,1009,38,Small Market,West,9,8,69,30,50,30,80,30
BEC1-515-227,23,-23,04-05-2013,807,35,Small Market,Central,6,17,58,20,,40,70,18
BEC1-985-953,41,11,04-06-2013,320,66,Small Market,South,12,31,107,30,50,20,80,
BEL1-971-572,,-4,04-07-2013,422,57,Small Market,West,17,6,103,40,50,10,90,51
LTD1-262-886,,8,04-08-2013,466,63,Small Market,Central,13,28,106,30,50,20,80,35
LTG1-959-857,33,-12,04-09-2013,818,49,Small Market,East,9,,82,30,,40,80,21
LTD1-435-105,,-4,04-10-2013,335,69,Small Market,West,44,-4,118,30,50,0,80,73
LTG1-360-576,55,7,04-11-2013,627,76,Small Market,West,49,-3,131,40,50,-10,90,79
BCC1-303-760,39,-10,04-12-2013,541,51,Major Market,Central,,40,96,30,50,50,80,24
LHM2-904-168,,31,4/13/2013,1055,94,Major Market,East,24,71,185,40,50,40,90,46
LTD1-720-511,54,-11,4/14/2013,404,66,Major Market,Central,,19,128,30,50,30,80,53
LTE1-970-836,54,0,4/15/2013,1037,64,Major Market,Central,16,,126,30,50,40,80,37
LTD1-978-890,27,-20,4/16/2013,859,39,Major Market,East,7,30,70,20,,50,70,19
LTE1-626-594,,67,4/17/2013,580,111,Major Market,West,21,117,199,30,50,50,80,32
BED2-262-280,22,-35,4/18/2013,573,29,Small Market,Central,7,15,,20,50,50,70,19
BEC1-641-176,23,-23,4/19/2013,800,35,Small Market,Central,6,27,62,20,50,50,70,17
LHL2-203-418,79,20,4/20/2013,593,98,Small Market,East,30,50,189,40,50,30,,64
LHM2-203-606,65,2,4/21/2013,1053,77,Small Market,East,20,,151,30,50,50,80,42
LTD1-262-214,46,5,4/22/2013,449,67,Small Market,Central,14,45,120,20,50,40,70,37
LTE1-262-128,60,0,4/23/2013,606,84,Small Market,Central,54,0,153,40,,0,90,84
LTD1-425-801,60,45,4/24/2013,329,99,Small Market,West,18,85,169,20,50,40,70,
LHL2-312-769,,10,4/25/2013,536,52,Major Market,Central,13,40,98,30,50,30,80,25
LHL2-419-201,36,5,4/26/2013,862,52,Major Market,Central,10,45,94,30,50,40,80,22
LHL2-857-774,55,2,4/27/2013,410,69,Major Market,East,20,22,,40,50,20,90,54
LHM2-323-560,40,10,4/28/2013,536,52,Major Market,West,13,40,98,30,50,30,80,
LTD1-352-943,28,-6,4/29/2013,875,42,Major Market,East,7,34,75,20,50,,70,19
LTG1-904-217,31,2,4/30/2013,856,47,Major Market,East,8,42,83,30,50,40,80,19
LTG1-978-387,32,3,05-01-2013,482,48,Major Market,East,8,43,,30,50,40,80,19
LTE1-760-543,50,30,05-02-2013,589,73,Major Market,West,,70,131,30,50,40,80,26
BED2-515-232,,6,05-03-2013,387,43,Small Market,Central,0,46,46,0,50,40,50,12
BCD2-505-481,82,-22,05-04-2013,1804,40,Small Market,South,25,-12,130,,50,10,140,48
BEC1-515-765,22,-16,05-05-2013,802,34,Small Market,Central,6,24,60,,50,40,70,18
BEC1-505-732,44,-10,05-06-2013,325,62,Small Market,South,40,-10,113,30,50,0,80,
BCC1-775-738,33,-16,05-07-2013,243,41,Small Market,West,12,-6,79,30,50,10,80,45
LHC2-314-428,44,-12,05-08-2013,325,62,Small Market,Central,40,-12,113,40,50,0,90,70
LHL2-715-472,31,0,05-09-2013,856,47,Small Market,Central,8,40,83,,50,40,70,20
LHM2-959-406,69,26,05-10-2013,1060,81,Small Market,East,21,,160,50,50,30,100,43
LTD1-715-245,49,29,05-11-2013,454,71,Small Market,Central,15,49,128,40,50,20,90,38
LTE1-206-614,49,20,05-12-2013,454,71,Small Market,West,15,50,128,30,50,30,80,
BCC1-970-229,43,13,5/13/2013,531,56,Major Market,Central,14,43,106,40,50,30,90,27
BCC1-330-859,41,16,5/14/2013,435,60,Major Market,Central,13,36,108,40,50,,90,36
BEC1-978-610,47,-20,5/15/2013,571,52,Major Market,East,42,-30,106,40,50,-10,90,72
LHL2-312-188,43,13,5/16/2013,531,56,Major Market,Central,14,,106,40,50,30,90,27
LHM2-323-783,43,13,5/17/2013,531,56,Major Market,West,14,43,106,,50,30,90,27
LTD1-303-619,46,-1,5/18/2013,422,57,Major Market,Central,17,9,110,30,50,10,80,51
LTE1-970-511,53,19,5/19/2013,1054,63,Major Market,Central,16,39,124,40,,20,90,37
LTD1-978-120,33,3,5/20/2013,870,49,Major Market,East,9,43,87,30,50,40,80,20
LTG1-321-341,34,5,5/21/2013,863,51,Major Market,East,9,,91,30,50,40,80,
BED2-563-619,0,7,5/22/2013,344,43,Small Market,Central,0,47,46,0,50,40,50,11
BED2-318-893,43,20,5/23/2013,466,63,Small Market,South,13,40,113,30,50,20,80,36
BCD2-775-606,31,-18,5/24/2013,1009,38,Small Market,West,9,12,74,30,50,30,80,
BEC1-515-720,23,-15,5/25/2013,807,35,Small Market,Central,6,25,62,20,50,40,70,18
BEC1-225-151,41,26,5/26/2013,320,66,Small Market,South,12,46,114,30,50,20,80,35
BEL1-971-567,46,-1,5/27/2013,422,57,Small Market,West,17,9,110,40,50,10,90,51
LTD1-262-925,43,22,5/28/2013,466,63,Small Market,Central,13,42,113,30,50,20,80,
LTG1-959-573,33,2,5/29/2013,818,49,Small Market,East,9,42,87,,50,40,80,21
LTD1-435-488,49,-6,5/30/2013,335,69,Small Market,West,44,-6,126,30,50,0,80,73
LTG1-509-291,55,6,5/31/2013,627,76,Small Market,West,,-4,140,40,50,-10,90,79
LHL2-630-468,39,-13,06-01-2013,541,51,Major Market,Central,12,27,90,20,40,40,60,24
LHM2-209-275,39,-14,06-02-2013,541,51,Major Market,West,12,26,90,20,40,40,60,25
BCD2-505-595,,-36,06-03-2013,1698,23,Small Market,South,26,-26,109,110,40,10,150,49
BED2-318-814,46,-10,06-04-2013,449,67,Small Market,South,,30,113,20,40,40,60,37
BCC1-515-213,31,-23,06-05-2013,1000,37,Small Market,Central,9,7,68,20,40,30,60,30
BEC1-505-597,45,-16,06-06-2013,320,64,Small Market,South,41,-6,109,,40,10,60,70
BEL1-801-504,,-12,06-07-2013,833,47,Small Market,West,8,28,79,20,40,40,60,19
LHL2-505-603,31,-24,06-08-2013,1000,37,Small Market,South,,6,68,10,40,30,50,31
LTD1-636-271,,-17,06-09-2013,244,53,Small Market,Central,12,13,92,20,40,30,60,40
LTG1-959-211,24,-22,06-10-2013,806,36,Small Market,East,6,18,60,20,40,40,60,18
LTG1-603-446,0,-8,06-11-2013,430,43,Small Market,East,0,,43,0,40,40,40,11
LTD1-801-371,45,-26,06-12-2013,320,64,Small Market,West,41,-6,109,10,,20,50,70
LTG1-206-103,60,-10,6/13/2013,606,84,Small Market,West,54,0,144,20,40,10,60,84
LHC2-937-543,32,-1,6/14/2013,482,48,Major Market,Central,8,29,80,30,40,30,70,19
LHL2-407-204,54,3,6/15/2013,391,67,Major Market,East,20,13,121,40,,10,80,54
BED2-715-438,22,-19,6/16/2013,570,30,Small Market,Central,7,11,52,20,40,30,60,
BED2-505-338,35,-12,6/17/2013,248,47,Small Market,South,11,8,82,20,40,20,60,39
BCD2-775-869,29,-15,6/18/2013,1003,35,Small Market,West,8,,64,30,40,20,70,30
BCC1-563-490,29,-15,6/19/2013,1003,35,Small Market,Central,8,5,64,20,40,20,60,30
BER1-603-882,34,-3,6/20/2013,211,42,Small Market,East,12,-3,76,30,40,0,70,45
BEC1-918-432,32,-1,6/21/2013,482,48,Small Market,South,8,29,80,,40,30,60,19
BEL1-775-685,0,1,6/22/2013,387,43,Small Market,West,0,31,43,,40,30,40,12
BEL1-435-719,33,-3,6/23/2013,836,48,Small Market,West,9,27,81,30,40,30,,21
LHL2-573-641,,-9,6/24/2013,1804,40,Small Market,Central,25,-9,122,70,40,0,110,49
LHM2-801-821,82,-8,6/25/2013,1804,40,Small Market,West,25,-8,122,70,40,0,110,48
LTD1-417-802,35,-1,6/26/2013,248,47,Small Market,Central,11,9,,20,40,10,60,38
LTE1-636-672,34,-3,6/27/2013,211,42,Small Market,Central,12,-3,76,20,40,0,60,45
LTG1-314-390,33,-4,6/28/2013,243,41,Small Market,Central,12,-4,,20,40,0,60,45
LTG1-603-553,0,2,6/29/2013,387,43,Small Market,East,,32,43,0,40,30,40,11
LTD1-435-941,44,3,6/30/2013,325,62,Small Market,West,40,-7,106,30,40,-10,70,69
LHC2-937-356,29,-5,07-01-2013,490,44,Major Market,Central,,25,73,20,40,30,60,19
LHL2-330-270,33,-1,07-02-2013,870,49,Major Market,Central,9,29,82,30,40,30,70,20
LHL2-508-801,46,-3,07-03-2013,422,57,Major Market,East,17,7,103,30,40,10,,50
LTD1-813-232,30,-4,07-04-2013,882,45,Major Market,East,8,26,75,30,40,30,70,19
LTG1-857-581,29,-5,07-05-2013,490,44,Major Market,East,8,25,73,30,40,30,70,
BED2-262-377,24,-17,07-06-2013,567,32,Small Market,Central,7,13,56,30,40,,70,19
BEL1-702-280,0,1,07-07-2013,344,43,Small Market,West,0,31,43,,40,30,40,12
BEL1-435-835,31,-4,07-08-2013,844,46,Small Market,West,8,26,77,30,40,30,70,20
LHL2-715-378,34,0,07-09-2013,863,51,Small Market,Central,9,30,85,30,40,30,,21
LHL2-603-933,39,-8,07-10-2013,250,49,Small Market,East,14,2,88,20,40,10,60,
LHL2-505-241,31,-13,07-11-2013,1009,38,Small Market,South,9,7,69,20,40,20,60,31
LTD1-573-187,38,1,07-12-2013,256,51,Small Market,Central,12,11,89,30,40,10,70,40
LTG1-636-613,39,2,7/13/2013,250,49,Small Market,Central,14,2,88,30,40,0,70,47
LTG1-603-635,0,2,7/14/2013,344,43,Small Market,East,0,32,43,0,40,30,40,
LTD1-509-232,41,10,7/15/2013,320,66,Small Market,West,12,30,107,30,40,20,70,36
LTE1-801-732,38,2,7/16/2013,256,51,Small Market,West,12,12,89,20,,10,60,39
LTE1-509-180,43,8,7/17/2013,466,63,Small Market,West,13,28,,30,40,20,70,35
LHL2-312-557,,0,7/18/2013,541,51,Major Market,Central,12,40,96,20,40,40,60,24
LHM2-530-649,39,-1,7/19/2013,541,51,Major Market,West,12,39,96,20,40,40,60,25
BCD2-505-945,86,-49,7/20/2013,1698,23,Small Market,South,26,-39,116,110,40,,150,49
BED2-318-162,46,5,7/21/2013,449,67,Small Market,South,14,45,120,20,40,40,60,37
BCC1-515-999,31,-20,7/22/2013,1000,37,Small Market,Central,9,10,,20,40,30,60,30
BEC1-505-267,45,-19,7/23/2013,320,64,Small Market,South,41,,116,20,40,10,60,70
BEL1-435-953,32,2,7/24/2013,833,47,Small Market,West,8,42,84,20,40,40,60,19
LHL2-505-809,31,-21,7/25/2013,1000,37,Small Market,South,9,9,72,,40,30,50,31
LTD1-314-237,39,-11,7/26/2013,244,53,Small Market,Central,12,19,98,20,40,30,60,40
LTG1-203-548,24,-13,7/27/2013,806,36,Small Market,East,6,27,64,20,40,40,,18
LTG1-603-104,0,7,7/28/2013,430,43,Small Market,East,0,47,46,0,40,40,40,11
LTD1-435-265,45,-29,7/29/2013,320,64,Small Market,West,41,-9,116,,40,20,50,70
LTG1-206-373,60,-10,7/30/2013,606,84,Small Market,West,54,0,153,20,,10,60,84
LHC2-440-300,32,13,7/31/2013,482,48,Major Market,Central,8,43,85,,40,30,70,19
LHL2-561-943,54,9,08-01-2013,391,67,Major Market,East,20,19,129,40,40,10,80,54
BED2-920-980,22,-14,08-02-2013,570,30,Small Market,Central,7,16,55,20,40,,60,19
BED2-505-314,35,-8,08-03-2013,248,47,Small Market,South,11,12,87,20,40,,60,39
BCD2-702-983,29,-13,08-04-2013,1003,35,Small Market,West,8,7,68,30,40,20,70,30
BCC1-515-666,29,-13,08-05-2013,1003,35,Small Market,Central,8,7,68,,40,20,60,30
BER1-603-309,34,-4,08-06-2013,211,42,Small Market,East,12,-4,81,30,40,,70,45
BEC1-580-824,32,13,08-07-2013,482,48,Small Market,South,8,43,85,20,40,30,60,
BEL1-775-846,0,16,08-08-2013,387,43,Small Market,West,0,46,46,0,40,30,40,12
BEL1-435-926,33,10,08-09-2013,836,48,Small Market,West,9,40,,30,40,30,70,21
LHL2-314-496,82,-13,08-10-2013,1804,40,Small Market,Central,25,-13,130,70,40,0,110,49
LHM2-435-753,82,-12,08-11-2013,1804,40,Small Market,West,25,-12,130,70,40,0,110,48
LTD1-636-489,35,3,08-12-2013,248,47,Small Market,Central,11,13,87,20,,10,60,38
LTE1-573-172,34,-4,8/13/2013,211,42,Small Market,Central,12,-4,81,20,,0,60,45
LTG1-314-259,33,-6,8/14/2013,243,41,Small Market,Central,12,-6,79,20,40,0,60,45
LTG1-603-430,,17,8/15/2013,387,43,Small Market,East,0,47,46,0,40,30,40,11
LTD1-435-845,44,0,8/16/2013,325,62,Small Market,West,40,-10,,30,40,-10,70,69
LHC2-614-597,29,7,8/17/2013,490,44,Major Market,Central,8,37,78,20,40,30,60,19
LHL2-440-147,33,13,8/18/2013,870,49,Major Market,Central,9,43,87,30,40,30,70,20
LHL2-774-438,46,0,8/19/2013,422,57,Major Market,East,17,10,,30,40,10,70,50
LTD1-321-613,30,9,8/20/2013,882,45,Major Market,East,8,39,80,30,40,30,70,
LTG1-774-557,29,7,8/21/2013,490,44,Major Market,East,8,,78,30,40,30,70,19
BED2-608-283,24,-11,8/22/2013,567,32,Small Market,Central,7,19,60,30,40,30,70,19
BEL1-775-198,0,16,8/23/2013,344,43,Small Market,West,0,46,46,,40,30,40,12
BEL1-435-444,31,9,8/24/2013,844,46,Small Market,West,8,39,82,30,40,30,,20
LHL2-715-407,34,15,8/25/2013,863,51,Small Market,Central,9,45,,30,40,30,70,21
LHL2-603-882,39,-7,8/26/2013,250,49,Small Market,East,14,3,94,20,40,10,60,47
LHL2-505-101,31,-10,8/27/2013,1009,38,Small Market,South,9,10,74,20,40,20,60,31
LTD1-314-962,38,6,8/28/2013,256,51,Small Market,Central,12,16,95,30,40,10,,40
LTG1-660-304,39,3,8/29/2013,250,49,Small Market,Central,14,3,94,30,40,0,70,47
LTG1-603-663,0,17,8/30/2013,344,43,Small Market,East,0,,46,0,40,30,40,11
LTD1-253-193,,25,8/31/2013,320,66,Small Market,West,12,45,114,30,40,20,70,36
LTE1-435-445,38,8,09-01-2013,256,51,Small Market,West,12,18,95,20,40,10,60,39
LTE1-253-455,43,22,09-02-2013,466,63,Small Market,West,13,42,113,30,40,20,70,
BCD2-216-753,51,-35,09-03-2013,503,71,Major Market,Central,46,-5,122,40,70,30,,76
BCA1-440-346,52,-34,09-04-2013,405,71,Major Market,Central,17,26,,40,70,60,110,45
BCC1-937-809,43,-32,09-05-2013,419,64,Major Market,Central,13,28,,30,70,60,100,36
BEC1-774-904,51,-41,09-06-2013,542,65,Major Market,East,46,-11,116,30,70,,100,76
BEL1-832-637,72,5,09-07-2013,-868,110,Major Market,South,23,55,182,40,70,50,110,55
LTG1-863-748,48,-14,09-08-2013,851,70,Major Market,East,13,,118,50,70,60,120,24
BEC1-985-256,,-12,09-09-2013,329,99,Small Market,South,18,58,159,30,70,70,100,41
BEC1-971-308,52,-33,09-10-2013,405,71,Small Market,West,17,27,,30,70,60,100,44
BEC1-253-979,56,-34,09-11-2013,385,70,Small Market,West,21,16,126,40,70,50,110,54
LHC2-405-838,56,-34,09-12-2013,385,70,Small Market,South,21,16,126,40,70,50,110,
LHL2-435-200,45,-37,9/13/2013,447,69,Small Market,West,,23,114,20,70,60,90,46
BCD2-567-463,52,-13,9/14/2013,509,73,Major Market,Central,,-3,125,50,70,10,120,76
BCC1-614-402,46,-8,9/15/2013,424,68,Major Market,Central,14,32,114,40,,40,110,36
LHL2-303-540,52,-14,9/16/2013,509,73,Major Market,Central,47,-4,125,40,70,10,110,
LHM2-720-895,59,-8,9/17/2013,411,79,Major Market,Central,19,32,138,50,70,40,120,47
LHC2-713-584,59,-8,9/18/2013,411,79,Major Market,South,19,32,138,50,70,40,120,47
LTG1-718-291,50,-3,9/19/2013,589,73,Major Market,East,14,47,123,50,70,50,120,
BED2-860-670,53,-14,9/20/2013,380,71,Small Market,East,17,,124,50,70,40,120,45
BED2-435-931,,2,9/21/2013,885,78,Small Market,West,15,52,132,50,70,50,120,26
BCC1-505-609,43,-10,9/22/2013,452,66,Small Market,South,14,20,109,50,,30,120,46
BEL1-504-867,61,-9,9/23/2013,-906,86,Small Market,South,55,1,147,40,70,10,110,
BEL1-541-655,55,-14,9/24/2013,410,69,Small Market,West,20,16,124,50,70,30,120,53
LHL2-860-931,82,8,9/25/2013,601,102,Small Market,East,31,38,184,60,,30,130,64
LTE1-715-179,61,2,9/26/2013,613,86,Small Market,Central,55,2,,50,70,0,120,84
LTD1-425-141,53,-1,9/27/2013,321,88,Small Market,West,16,,141,30,70,50,100,39
BCD2-419-133,47,-16,9/28/2013,521,65,Major Market,Central,42,-6,112,40,70,10,110,71
BCA1-513-776,,-11,9/29/2013,424,73,Major Market,Central,17,,127,50,70,40,120,44
BEL1-512-890,67,17,9/30/2013,-1239,101,Major Market,South,22,47,168,50,70,30,120,54
LTD1-309-454,54,3,10-01-2013,601,79,Major Market,Central,15,53,133,,70,50,110,26
BCD2-816-570,63,-4,10-02-2013,1075,76,Small Market,Central,19,36,139,60,70,40,130,40
BED2-959-473,49,-19,10-03-2013,392,65,Small Market,East,16,21,114,40,70,40,,44
BED2-435-337,50,-3,10-04-2013,898,73,Small Market,West,14,47,123,40,70,50,110,26
BCA1-603-395,52,-13,10-05-2013,327,75,Small Market,East,16,37,127,40,70,50,110,38
BEC1-475-740,55,-12,10-06-2013,627,76,Small Market,East,49,-2,,50,70,10,120,78
BEC1-603-713,49,-14,10-07-2013,335,69,Small Market,East,44,-4,118,40,70,10,110,73
BCC1-503-972,41,-19,10-08-2013,482,57,Small Market,West,13,1,98,40,,20,110,56
BEC1-503-162,54,-12,10-09-2013,424,73,Small Market,West,17,28,127,50,70,40,120,45
LHC2-405-141,65,2,10-10-2013,403,80,Small Market,South,24,22,,60,70,20,130,58
LHC2-435-625,52,-4,10-11-2013,327,75,Small Market,West,16,36,127,40,70,40,110,39
LHL2-801-884,48,-12,10-12-2013,462,74,Small Market,West,15,28,122,40,70,40,110,46
LHL2-425-443,49,-4,10/13/2013,845,71,Small Market,West,13,46,120,40,70,50,110,25
LTD1-860-582,50,-3,10/14/2013,898,73,Small Market,East,14,47,123,50,70,50,120,
BCD2-234-964,51,-37,10/15/2013,503,71,Major Market,Central,46,-7,130,40,70,30,110,76
BCA1-614-565,52,-21,10/16/2013,405,71,Major Market,Central,17,39,131,40,,60,110,45
BCC1-937-466,43,-18,10/17/2013,419,64,Major Market,Central,13,42,114,30,,60,100,36
BEC1-774-258,51,-46,10/18/2013,542,65,Major Market,East,46,-16,124,30,70,30,100,76
BEL1-682-484,72,32,10/19/2013,-868,110,Major Market,South,23,,194,40,70,50,110,55
LTG1-772-265,48,8,10/20/2013,851,70,Major Market,East,13,68,126,,70,60,120,24
BEC1-225-193,60,16,10/21/2013,329,99,Small Market,South,18,86,169,30,70,70,100,41
BEC1-541-330,,-20,10/22/2013,405,71,Small Market,West,17,40,131,30,70,60,100,44
BEC1-425-631,,-26,10/23/2013,385,70,Small Market,West,21,24,134,40,70,50,110,54
LHC2-580-746,56,-26,10/24/2013,385,70,Small Market,South,21,24,134,40,70,50,110,54
LHL2-435-800,45,-26,10/25/2013,447,69,Small Market,West,14,34,121,20,70,60,90,46
BCD2-614-514,,-14,10/26/2013,509,73,Major Market,Central,47,-4,133,50,70,10,120,76
BCC1-234-244,46,7,10/27/2013,424,68,Major Market,Central,14,47,121,40,70,40,110,36
LHL2-970-467,52,-16,10/28/2013,509,73,Major Market,Central,47,-6,133,40,70,10,110,77
LHM2-970-126,,7,10/29/2013,411,79,Major Market,Central,19,47,147,50,70,40,120,47
LHC2-936-291,59,7,10/30/2013,411,79,Major Market,South,19,47,147,50,70,40,120,47
LTG1-914-628,50,20,10/31/2013,589,73,Major Market,East,14,70,131,50,70,50,120,26
BED2-203-656,53,-1,11-01-2013,380,71,Small Market,East,17,39,132,50,70,40,120,45
BED2-435-945,,27,11-02-2013,885,78,Small Market,West,15,77,141,50,70,50,120,26
BCC1-505-504,43,0,11-03-2013,452,66,Small Market,South,14,30,116,50,70,30,120,46
BEL1-318-326,61,-9,11-04-2013,-906,86,Small Market,South,55,1,157,40,70,10,110,85
BEL1-503-126,55,-6,11-05-2013,410,69,Small Market,West,20,24,132,50,70,30,120,
LHL2-475-748,82,26,11-06-2013,601,102,Small Market,East,31,56,196,60,70,30,130,64
LTE1-715-698,61,3,11-07-2013,613,86,Small Market,Central,55,3,157,50,70,0,120,84
LTD1-509-811,53,23,11-08-2013,321,88,Small Market,West,16,73,150,30,70,50,100,39
BCD2-513-887,47,-19,11-09-2013,521,65,Major Market,Central,42,-9,119,40,70,10,110,71
BCA1-234-239,,3,11-10-2013,424,73,Major Market,Central,17,43,135,50,70,40,120,44
BEL1-361-834,67,40,11-11-2013,-1239,101,Major Market,South,22,70,179,50,70,30,120,54
LTD1-630-153,,29,11-12-2013,601,79,Major Market,Central,15,79,142,40,70,50,110,26
BCD2-636-724,63,13,11/13/2013,1075,76,Small Market,Central,19,53,148,60,70,40,130,40
BED2-203-143,49,-9,11/14/2013,392,65,Small Market,East,16,31,121,40,70,40,110,44
BED2-435-485,,20,11/15/2013,898,73,Small Market,West,14,70,131,40,70,50,110,26
BCA1-603-468,52,5,11/16/2013,327,75,Small Market,East,16,55,135,40,70,50,110,38
BEC1-203-791,55,-13,11/17/2013,627,76,Small Market,East,49,-3,140,50,70,10,120,78
BEC1-603-662,49,-16,11/18/2013,335,69,Small Market,East,44,-6,126,40,70,10,110,73
BCC1-541-126,41,-19,11/19/2013,482,57,Small Market,West,13,1,104,40,70,20,110,56
BEC1-503-442,54,2,11/20/2013,424,73,Small Market,West,17,42,135,50,70,40,120,45
LHC2-405-645,,13,11/21/2013,403,80,Small Market,South,24,33,155,60,70,20,130,58
LHC2-435-330,52,13,11/22/2013,327,75,Small Market,West,16,53,135,40,70,40,110,39
LHL2-435-877,48,2,11/23/2013,462,74,Small Market,West,15,42,130,40,70,40,110,46
LHL2-425-728,49,18,11/24/2013,845,71,Small Market,West,13,68,128,40,70,50,110,25
LTD1-959-566,50,20,11/25/2013,898,73,Small Market,East,14,70,131,50,70,50,120,26
LHC2-937-262,,-14,11/26/2013,480,32,Major Market,Central,5,16,53,0,30,30,30,16
LHL2-513-735,27,-10,11/27/2013,859,39,Major Market,Central,7,20,66,10,30,30,40,19
LHL2-850-479,56,-4,11/28/2013,385,70,Major Market,East,21,16,126,30,30,20,60,54
LHL2-781-647,54,-7,11/29/2013,404,66,Major Market,East,20,13,120,30,30,20,60,53
LTG1-413-873,21,-15,11/30/2013,480,32,Major Market,East,5,15,53,20,30,30,50,17
BED2-505-496,39,-6,12-01-2013,244,53,Small Market,South,12,14,92,20,30,20,50,39
BED2-702-485,23,-13,12-02-2013,800,35,Small Market,West,6,17,58,10,30,30,40,18
BCA1-563-317,21,-15,12-03-2013,846,31,Small Market,Central,5,15,52,10,30,30,40,16
BER1-603-543,,-22,12-04-2013,209,31,Small Market,East,9,-12,56,10,30,10,40,43
BEC1-405-125,21,-15,12-05-2013,480,32,Small Market,South,5,15,53,0,30,30,30,17
BEL1-702-994,0,2,12-06-2013,430,43,Small Market,West,0,32,43,0,30,30,30,11
LHL2-603-455,34,-23,12-07-2013,240,43,Small Market,East,12,-3,77,10,30,20,40,46
LHC2-505-781,,-16,12-08-2013,846,31,Small Market,South,5,14,52,10,30,30,40,17
LHC2-971-466,25,-13,12-09-2013,820,36,Small Market,West,7,17,61,10,30,30,40,19
LTG1-314-155,34,-13,12-10-2013,240,43,Small Market,Central,12,-3,77,10,30,10,40,46
LTD1-603-185,21,-16,12-11-2013,846,31,Small Market,East,5,14,52,20,30,30,50,17
LTE1-435-313,39,-6,12-12-2013,244,53,Small Market,West,12,14,92,10,30,20,40,39
LTE1-360-860,46,1,12/13/2013,449,67,Small Market,West,14,31,113,20,30,30,50,36
BED2-775-969,,-3,12/14/2013,802,34,Small Market,West,6,17,56,20,30,20,50,17
BEL1-505-591,34,6,12/15/2013,-522,42,Small Market,South,12,-4,76,20,30,-10,50,46
BEL1-253-238,22,-9,12/16/2013,570,30,Small Market,West,7,11,52,20,30,20,50,19
LHL2-603-369,33,-4,12/17/2013,243,41,Small Market,East,12,-4,74,20,30,0,50,45
LHL2-505-815,29,-5,12/18/2013,1003,35,Small Market,South,8,5,64,20,30,10,50,30
LHC2-503-491,,-1,12/19/2013,823,38,Small Market,West,7,19,63,20,30,20,50,19
LTD1-603-970,15,-12,12/20/2013,848,24,Small Market,East,4,8,39,10,30,20,40,16
LTD1-541-406,32,-2,12/21/2013,482,48,Small Market,West,8,28,80,20,30,30,50,20
LTE1-435-321,35,-1,12/22/2013,248,47,Small Market,West,11,9,82,20,30,10,50,38
LTG1-801-396,34,-3,12/23/2013,211,42,Small Market,West,12,-3,76,20,30,0,50,45
LHC2-772-201,24,-8,12/24/2013,567,32,Major Market,East,7,12,56,10,30,20,40,20
BED2-505-374,38,12,12/25/2013,256,51,Small Market,South,12,12,89,30,30,0,60,39
BED2-702-889,23,-3,12/26/2013,807,35,Small Market,West,6,17,58,20,30,20,50,18
BCA1-641-152,16,-10,12/27/2013,851,25,Small Market,Central,4,10,41,10,30,20,40,15
BCC1-563-681,31,-2,12/28/2013,1009,38,Small Market,Central,9,8,69,30,30,10,60,30
BER1-603-466,20,-16,12/29/2013,218,25,Small Market,East,7,-16,45,10,30,0,40,41
BEC1-580-861,29,4,12/30/2013,490,44,Small Market,South,8,24,73,20,30,20,50,20
BEL1-253-507,24,-7,12/31/2013,567,32,Small Market,West,7,13,56,20,30,20,50,
LHC2-541-887,24,-1,01-01-2014,829,36,Small Market,West,6,19,60,20,30,20,50,17
LTD1-603-755,16,-10,01-02-2014,851,25,Small Market,East,,10,41,10,30,20,40,15
LTD1-971-873,29,-5,01-03-2014,490,44,Small Market,West,8,25,73,20,30,30,50,19
LHC2-937-849,21,-6,01-04-2014,480,32,Major Market,Central,5,24,56,0,30,30,30,16
LHL2-937-163,27,0,01-05-2014,859,39,Major Market,Central,7,30,,10,30,30,40,19
LHL2-786-175,56,4,01-06-2014,385,70,Major Market,East,21,24,134,30,30,20,60,
LHL2-339-822,54,-1,01-07-2014,404,66,Major Market,East,20,19,128,30,30,20,60,53
LTG1-781-297,21,-8,01-08-2014,480,32,Major Market,East,5,22,56,20,30,30,50,17
BED2-505-332,39,1,01-09-2014,244,53,Small Market,South,12,21,98,20,,20,50,39
BED2-775-162,23,-5,01-10-2014,800,35,Small Market,West,6,25,62,10,30,30,40,18
BCA1-515-729,21,-8,01-11-2014,846,31,Small Market,Central,5,,55,10,30,30,40,
BER1-603-363,25,-28,01-12-2014,209,31,Small Market,East,9,-18,60,10,30,10,40,43
BEC1-580-688,21,-8,1/13/2014,480,32,Small Market,South,5,22,56,0,30,30,30,17
BEL1-702-735,0,17,1/14/2014,430,43,Small Market,West,0,47,46,0,30,30,30,11
LHL2-603-994,34,-24,1/15/2014,240,43,Small Market,East,12,-4,82,10,30,,40,46
LHC2-505-792,21,-9,1/16/2014,846,31,Small Market,South,5,21,55,10,30,30,40,
LHC2-971-782,25,-5,1/17/2014,820,36,Small Market,West,7,25,65,10,30,30,40,19
LTG1-314-516,34,-14,1/18/2014,240,43,Small Market,Central,12,-4,82,10,30,10,40,46
LTD1-603-870,21,-9,1/19/2014,846,31,Small Market,East,5,21,55,20,30,30,50,17
LTE1-435-110,39,1,1/20/2014,244,53,Small Market,West,12,21,,10,30,20,40,39
LTE1-509-372,46,16,1/21/2014,449,67,Small Market,West,14,46,120,20,30,30,,36
BED2-775-675,22,5,1/22/2014,802,34,Small Market,West,6,25,60,20,30,20,50,17
BEL1-505-218,34,4,1/23/2014,-522,42,Small Market,South,12,-6,81,20,30,,50,46
BEL1-425-412,22,-4,1/24/2014,570,30,Small Market,West,7,16,55,20,30,20,50,19
LHL2-603-269,33,-6,1/25/2014,243,41,Small Market,East,12,-6,79,20,,0,50,45
LHL2-505-536,29,-3,1/26/2014,1003,35,Small Market,South,8,7,68,20,30,10,50,30
LHC2-541-839,25,8,1/27/2014,823,38,Small Market,West,7,28,67,20,30,20,50,19
LTD1-603-836,15,-8,1/28/2014,848,24,Small Market,East,4,12,42,,30,20,40,16
LTD1-503-410,32,12,1/29/2014,482,48,Small Market,West,8,42,85,20,30,30,50,20
LTE1-435-749,35,3,1/30/2014,248,47,Small Market,West,11,13,87,20,30,,50,38
LTG1-435-530,34,-4,1/31/2014,211,42,Small Market,West,12,,81,20,30,0,50,45
LHC2-904-815,24,-2,02-01-2014,567,32,Major Market,East,7,18,60,10,30,20,40,20
BED2-505-953,38,18,02-02-2014,256,51,Small Market,South,12,18,95,30,30,0,60,39
BED2-775-618,23,5,02-03-2014,807,35,Small Market,West,6,25,62,20,,20,50,18
BCA1-563-737,16,-5,02-04-2014,851,25,Small Market,Central,4,15,44,10,30,20,40,15
BCC1-641-258,31,2,02-05-2014,1009,38,Small Market,Central,9,12,74,30,30,10,,30
BER1-603-761,20,-24,02-06-2014,218,25,Small Market,East,7,-24,48,10,30,0,40,41
BEC1-580-816,29,16,02-07-2014,490,44,Small Market,South,8,36,78,20,30,20,50,20
BEL1-206-144,24,-1,02-08-2014,567,32,Small Market,West,7,19,60,20,,20,50,19
LHC2-503-738,24,8,02-09-2014,829,36,Small Market,West,6,28,64,20,30,20,50,17
LTD1-603-361,16,-5,02-10-2014,851,25,Small Market,East,4,15,44,10,30,20,,15
LTD1-541-639,29,7,02-11-2014,490,44,Small Market,West,8,,78,20,30,30,50,19
BED2-915-855,76,-2,02-12-2014,580,111,Major Market,South,21,78,187,40,80,80,120,33
LHC2-713-357,52,-44,2/13/2014,405,71,Major Market,South,17,26,123,30,80,70,110,45
LTD1-217-115,76,-2,2/14/2014,580,111,Major Market,Central,21,78,187,50,80,80,130,33
LTE1-847-977,72,5,2/15/2014,650,110,Major Market,Central,23,,182,50,80,50,130,55
BCD2-660-430,65,-35,2/16/2014,1053,77,Small Market,Central,20,35,142,50,80,70,130,42
BED2-660-953,32,-52,2/17/2014,833,47,Small Market,Central,8,28,79,,80,80,110,19
BED2-405-248,82,5,2/18/2014,788,123,Small Market,South,,65,205,50,80,60,130,58
BCA1-715-338,56,-35,2/19/2014,385,70,Small Market,Central,21,15,126,40,80,50,120,55
BEL1-405-526,91,6,2/20/2014,-1785,127,Small Market,South,28,76,218,,80,70,130,51
LHC2-414-762,60,-23,2/21/2014,329,99,Small Market,Central,18,57,,40,80,80,120,42
BED2-419-790,,-24,2/22/2014,410,69,Major Market,Central,20,16,124,70,80,40,150,53
BCA1-330-537,59,-17,2/23/2014,411,79,Major Market,Central,19,,138,50,80,50,,46
LTG1-650-119,75,19,2/24/2014,659,114,Major Market,West,24,59,189,50,80,40,130,55
BCD2-314-492,69,-2,2/25/2014,1060,81,Small Market,Central,21,38,150,60,80,40,,43
BCD2-503-541,46,-18,2/26/2014,424,68,Small Market,West,14,32,114,50,80,50,130,36
BED2-206-499,75,5,2/27/2014,1063,89,Small Market,West,23,45,164,70,80,40,,44
BEC1-203-184,61,-8,2/28/2014,613,86,Small Market,East,55,2,147,60,80,10,140,84
BCC1-225-782,47,-16,03-01-2014,834,68,Small Market,South,13,44,,50,80,60,130,24
BCA1-541-527,52,-14,03-02-2014,509,73,Small Market,West,47,-4,125,60,80,10,140,77
BCC1-435-334,53,-23,03-03-2014,380,71,Small Market,West,17,27,,60,80,50,140,44
BEC1-503-633,59,-17,03-04-2014,411,79,Small Market,West,19,33,138,50,80,50,130,46
LHC2-920-506,53,-2,03-05-2014,321,88,Small Market,Central,16,48,141,50,,50,130,40
LTD1-959-963,54,-9,03-06-2014,885,78,Small Market,East,15,51,132,50,80,60,130,27
BED2-740-655,46,-34,03-07-2014,422,57,Major Market,Central,17,6,103,50,80,40,130,51
LTE1-630-918,67,7,03-08-2014,677,101,Major Market,Central,22,47,,50,80,40,130,54
LTG1-518-470,54,-8,03-09-2014,601,79,Major Market,East,15,52,133,50,80,60,130,27
LTG1-213-191,67,-3,03-10-2014,677,101,Major Market,West,22,47,168,40,80,50,120,54
BCD2-503-658,41,-25,03-11-2014,435,60,Small Market,West,13,25,101,40,80,50,,35
BCA1-715-743,65,-8,03-12-2014,403,80,Small Market,Central,24,22,145,60,,30,140,58
BCA1-503-868,47,-27,3/13/2014,521,65,Small Market,West,42,,112,50,80,20,130,72
BCC1-801-744,49,-29,3/14/2014,392,65,Small Market,West,16,21,114,50,80,50,130,44
BEC1-509-967,65,-7,3/15/2014,403,80,Small Market,West,24,23,,60,80,30,140,57
LHL2-985-538,68,-4,3/16/2014,619,85,Small Market,South,25,26,153,60,80,30,140,59
BED2-432-338,76,36,3/17/2014,580,111,Major Market,South,21,116,199,40,80,,120,33
LHC2-325-805,52,-31,3/18/2014,405,71,Major Market,South,17,39,131,30,80,70,110,45
LTD1-815-737,76,36,3/19/2014,580,111,Major Market,Central,21,116,,50,80,80,130,33
LTE1-815-382,72,32,3/20/2014,650,110,Major Market,Central,23,82,194,50,80,50,130,55
BCD2-636-922,65,-18,3/21/2014,1053,77,Small Market,Central,20,52,,50,80,70,130,
BED2-417-562,32,-38,3/22/2014,833,47,Small Market,Central,8,42,84,30,80,80,110,
BED2-405-861,82,36,3/23/2014,788,123,Small Market,South,27,96,,50,80,60,130,58
BCA1-414-700,56,-28,3/24/2014,385,70,Small Market,Central,21,22,134,40,80,50,120,55
BEL1-405-439,91,43,3/25/2014,-1785,127,Small Market,South,28,113,232,50,80,70,130,51
LHC2-715-456,60,5,3/26/2014,329,99,Small Market,Central,18,85,169,40,,80,120,42
BED2-937-571,55,-16,3/27/2014,410,69,Major Market,Central,20,24,132,70,80,40,,53
BCA1-234-374,59,-1,3/28/2014,411,79,Major Market,Central,19,49,147,50,80,50,130,46
LTG1-209-748,75,48,3/29/2014,659,114,Major Market,West,24,88,201,50,80,40,130,
BCD2-417-263,69,16,3/30/2014,1060,81,Small Market,Central,21,,160,60,80,40,140,43
BCD2-503-718,46,-3,3/31/2014,424,68,Small Market,West,14,47,121,50,80,50,130,36
BED2-425-264,75,27,04-01-2014,1063,89,Small Market,West,23,,175,70,80,40,150,44
BEC1-475-696,61,-7,04-02-2014,613,86,Small Market,East,55,3,157,,80,10,140,84
BCC1-318-961,47,5,04-03-2014,834,68,Small Market,South,13,65,123,50,80,60,130,24
BCA1-971-739,,-16,04-04-2014,509,73,Small Market,West,47,-6,133,60,80,10,140,77
BCC1-435-363,53,-10,04-05-2014,380,71,Small Market,West,17,40,132,60,80,,140,44
BEC1-541-397,59,-1,04-06-2014,411,79,Small Market,West,19,49,147,,80,50,130,46
LHC2-262-571,53,21,04-07-2014,321,88,Small Market,Central,16,71,150,50,80,50,130,40
LTD1-860-553,54,16,04-08-2014,885,78,Small Market,East,15,76,141,50,80,60,130,27
BED2-419-662,46,-31,04-09-2014,422,57,Major Market,Central,17,9,110,,80,40,130,51
LTE1-708-948,67,30,04-10-2014,677,101,Major Market,Central,22,70,179,50,80,40,130,54
LTG1-585-192,54,17,04-11-2014,601,79,Major Market,East,15,77,142,50,,60,130,27
LTG1-510-516,67,20,04-12-2014,677,101,Major Market,West,22,70,179,40,80,50,120,54
BCD2-541-135,41,-13,4/13/2014,435,60,Small Market,West,13,37,,40,80,50,120,35
BCA1-920-202,65,3,4/14/2014,403,80,Small Market,Central,24,33,155,60,80,30,140,
BCA1-541-980,47,-30,4/15/2014,521,65,Small Market,West,42,-10,119,50,80,20,130,72
BCC1-435-640,49,-19,4/16/2014,392,65,Small Market,West,16,31,121,50,80,50,130,44
BEC1-509-718,65,4,4/17/2014,403,80,Small Market,West,24,34,155,60,80,30,140,
LHL2-318-333,68,9,4/18/2014,619,85,Small Market,South,25,39,163,60,80,30,140,59
BCD2-214-172,39,-54,4/19/2014,541,51,Major Market,South,12,26,90,40,90,,130,25
BCC1-936-264,239,-155,4/20/2014,1246,281,Major Market,South,74,185,520,350,420,340,770,96
BEC1-210-791,123,33,4/21/2014,915,179,Major Market,South,34,133,302,,120,100,190,46
BCD2-225-991,48,-35,4/22/2014,851,70,Small Market,South,13,,118,70,90,80,160,25
BCC1-225-675,48,-33,4/23/2014,829,71,Small Market,South,13,47,119,70,90,80,160,24
BCC1-505-244,45,-57,4/24/2014,447,69,Small Market,South,14,23,114,50,110,80,160,46
BCC1-918-851,90,-66,4/25/2014,572,115,Small Market,South,29,,205,130,160,140,290,41
BEL1-505-337,25,-22,4/26/2014,-466,31,Small Market,South,9,-12,56,10,20,10,30,43
LHC2-225-113,103,-23,4/27/2014,564,133,Small Market,South,33,87,236,80,130,110,210,46
LHL2-504-797,79,-26,4/28/2014,593,98,Small Market,South,30,34,177,,90,60,150,64
LHL2-405-595,96,-23,4/29/2014,683,134,Small Market,South,87,17,230,80,120,40,200,117
BCC1-956-535,225,-56,4/30/2014,1272,265,Major Market,South,69,174,490,260,320,,580,91
BEL1-817-545,75,19,05-01-2014,-1050,114,Major Market,South,24,59,189,50,90,40,140,55
BEC1-409-785,118,27,05-02-2014,930,172,Major Market,South,33,127,290,,130,100,220,45
BED2-918-823,78,22,05-03-2014,798,119,Small Market,South,25,62,197,60,90,40,150,57
BCC1-918-764,88,-19,05-04-2014,561,112,Small Market,South,29,71,200,100,130,90,230,41
BEL1-918-449,102,29,05-05-2014,-2003,143,Small Market,South,31,89,245,,100,60,180,54
LHC2-337-716,101,5,05-06-2014,552,130,Small Market,South,33,85,231,90,120,80,210,45
LHC2-505-404,15,-1,05-07-2014,848,24,Small Market,South,4,,39,10,20,10,30,15
LHL2-337-819,82,-2,05-08-2014,601,102,Small Market,South,31,38,184,70,100,40,170,64
LHL2-580-975,94,-5,05-09-2014,694,130,Small Market,South,85,15,224,80,120,20,200,115
BCC1-972-152,241,-52,05-10-2014,1321,284,Major Market,South,74,188,525,280,340,240,,96
BEC1-972-650,123,23,05-11-2014,959,179,Major Market,South,34,133,302,90,140,110,230,46
BCD2-505-633,92,-24,05-12-2014,1898,68,Small Market,South,28,16,160,100,90,,190,52
BED2-405-989,88,12,5/13/2014,817,133,Small Market,South,29,72,221,60,110,60,170,
BCC1-318-187,49,-24,5/14/2014,845,71,Small Market,South,13,46,120,50,90,,140,25
BCC1-505-481,48,-23,5/15/2014,462,74,Small Market,South,15,27,122,50,90,50,140,47
BCC1-405-426,81,-34,5/16/2014,551,104,Small Market,South,26,66,185,90,130,100,220,38
BEL1-505-227,20,-5,5/17/2014,-598,25,Small Market,South,7,-15,45,,20,-10,30,40
BEL1-918-212,134,31,5/18/2014,-2248,186,Small Market,South,41,,320,100,140,90,240,65
LHC2-225-970,94,7,5/19/2014,540,120,Small Market,South,31,77,214,80,110,70,190,43
LHC2-505-875,16,-1,5/20/2014,851,25,Small Market,South,4,9,41,10,20,10,30,16
LHL2-580-792,105,-10,5/21/2014,716,145,Small Market,South,95,20,250,90,,30,230,125
BCD2-281-891,39,-41,5/22/2014,541,51,Major Market,South,12,39,96,40,90,80,130,25
BCC1-432-406,,-65,5/23/2014,1246,281,Major Market,South,74,275,554,350,420,340,770,96
BEC1-817-551,123,97,5/24/2014,915,179,Major Market,South,34,197,322,70,120,100,190,46
BCD2-985-256,48,-13,5/25/2014,851,70,Small Market,South,13,67,126,70,,80,160,25
BCC1-337-317,48,-10,5/26/2014,829,71,Small Market,South,13,70,127,70,90,80,160,
BCC1-505-321,45,-46,5/27/2014,447,69,Small Market,South,14,34,121,50,110,80,160,46
BCC1-918-607,90,-30,5/28/2014,572,115,Small Market,South,29,110,218,130,160,140,290,
BEL1-505-429,25,-28,5/29/2014,-466,31,Small Market,South,9,-18,60,10,,10,30,43
LHC2-318-269,103,19,5/30/2014,564,133,Small Market,South,33,129,251,80,130,110,210,46
LHL2-225-573,79,-10,5/31/2014,593,98,Small Market,South,30,50,189,60,90,60,150,64
LHL2-918-310,96,-15,06-01-2014,683,134,Small Market,South,87,25,245,80,120,40,200,117
BCC1-432-909,225,28,06-02-2014,1272,265,Major Market,South,69,,522,260,320,230,580,91
BEL1-806-182,75,48,06-03-2014,-1050,114,Major Market,South,24,88,201,50,90,40,140,55
BEC1-915-513,118,88,06-04-2014,930,172,Major Market,South,33,188,309,90,130,100,220,45
BED2-580-510,78,52,06-05-2014,798,119,Small Market,South,25,92,210,60,90,40,150,57
BCC1-918-304,88,15,06-06-2014,561,112,Small Market,South,29,105,213,,130,90,230,41
BEL1-405-856,102,72,06-07-2014,-2003,143,Small Market,South,31,132,261,80,,60,180,54
LHC2-985-317,101,46,06-08-2014,552,130,Small Market,South,33,126,246,90,120,80,210,45
LHC2-505-390,15,3,06-09-2014,848,24,Small Market,South,4,13,42,10,20,10,,15
LHL2-337-616,82,16,06-10-2014,601,102,Small Market,South,31,56,196,70,100,40,170,64
LHL2-405-689,94,2,06-11-2014,694,130,Small Market,South,85,22,239,80,120,,200,115
BCC1-409-858,241,39,06-12-2014,1321,284,Major Market,South,74,279,559,280,,240,620,96
BEC1-254-110,123,87,6/13/2014,959,179,Major Market,South,34,197,322,90,140,110,230,46
BCD2-505-631,92,-16,6/14/2014,1898,68,Small Market,South,28,24,171,100,90,40,190,
BED2-918-862,88,47,6/15/2014,817,133,Small Market,South,29,107,236,60,110,60,170,61
BCC1-985-617,49,-2,6/16/2014,845,71,Small Market,South,13,68,128,50,90,70,,25
BCC1-505-162,48,-10,6/17/2014,462,74,Small Market,South,15,40,130,50,90,50,140,47
BCC1-580-263,81,-2,6/18/2014,551,104,Small Market,South,26,98,197,90,130,100,220,38
BEL1-505-355,20,-12,6/19/2014,-598,25,Small Market,South,7,-22,48,10,,-10,30,40
BEL1-918-105,134,90,6/20/2014,-2248,186,Small Market,South,41,180,341,100,140,90,240,65
LHC2-985-274,94,44,6/21/2014,540,120,Small Market,South,31,114,228,,110,70,190,43
LHC2-505-794,16,3,6/22/2014,851,25,Small Market,South,4,13,44,10,20,10,30,16
LHL2-580-746,105,0,6/23/2014,716,145,Small Market,South,95,30,266,,140,30,230,125
BCC1-860-572,125,-15,6/24/2014,1119,188,Small Market,East,41,115,313,,160,130,260,73
BEC1-203-566,60,-39,6/25/2014,606,84,Small Market,East,54,1,144,40,90,40,,83
BCC1-203-904,130,-8,6/26/2014,1134,195,Small Market,East,42,122,325,110,180,130,290,73
BCC1-203-746,115,-5,6/27/2014,1166,174,Small Market,East,37,105,289,100,160,,260,69
BCC1-203-812,125,41,6/28/2014,1119,188,Small Market,East,41,171,334,100,160,130,260,73
BEC1-959-843,60,-39,6/29/2014,606,84,Small Market,East,54,1,153,,90,40,130,83
BCC1-203-549,130,51,6/30/2014,1134,195,Small Market,East,42,181,346,110,180,130,290,73
BCC1-959-494,115,46,07-01-2014,1166,174,Small Market,East,37,156,,100,160,110,260,69
BCD2-561-529,91,-14,07-02-2014,656,127,Major Market,East,28,76,218,70,110,90,180,51
BED2-239-114,86,-30,07-03-2014,547,116,Major Market,East,28,60,202,70,110,90,180,56
BCC1-407-562,82,-26,07-04-2014,788,123,Major Market,East,27,64,205,60,,90,170,59
BCC1-857-142,72,18,07-05-2014,-3004,402,Major Market,East,23,348,474,50,350,330,400,54
BCC1-315-319,260,17,07-06-2014,2548,390,Major Market,East,91,247,650,210,330,230,540,143
BEC1-239-680,96,-32,07-07-2014,683,134,Major Market,East,87,18,230,80,,50,210,116
BEC1-845-326,125,-32,07-08-2014,3142,-56,Major Market,East,113,,69,110,-60,-170,50,146
BER1-781-311,161,-28,07-09-2014,1267,161,Major Market,East,45,92,322,140,160,120,300,
BER1-718-634,239,-15,07-10-2014,1197,526,Major Market,East,66,435,765,210,510,450,,91
LHC2-386-396,22,-10,07-11-2014,573,29,Major Market,East,7,10,51,0,,20,20,19
LHL2-845-115,255,59,07-12-2014,1622,258,Major Market,East,96,,513,140,150,70,290,129
LHM2-315-882,239,-70,7/13/2014,4360,-75,Major Market,East,74,-170,164,130,,-100,80,95
LTD1-516-431,,-25,7/14/2014,971,157,Major Market,East,30,115,265,110,170,140,280,42
LTE1-716-403,123,-26,7/15/2014,915,179,Major Market,East,34,134,302,130,190,160,320,45
LTG1-518-847,76,-22,7/16/2014,580,111,Major Market,East,21,,187,80,120,100,200,33
BCD2-772-552,102,-1,7/17/2014,666,143,Major Market,East,31,89,245,90,130,,220,54
BED2-561-918,77,-9,7/18/2014,557,103,Major Market,East,25,51,180,70,100,60,170,52
BCC1-754-771,78,3,7/19/2014,798,119,Major Market,East,25,63,197,,100,60,170,56
BCC1-978-575,75,24,7/20/2014,-3287,379,Major Market,East,24,324,454,60,340,300,,55
BCC1-347-243,249,6,7/21/2014,2580,374,Major Market,East,87,236,623,220,340,230,560,138
BEC1-754-617,94,-5,7/22/2014,694,130,Major Market,East,85,15,,90,120,20,210,115
BEC1-347-216,121,-12,7/23/2014,3385,-60,Major Market,East,109,-202,61,110,-60,-190,50,142
BER1-508-676,181,-12,7/24/2014,1283,182,Major Market,East,50,108,363,170,180,120,350,74
BER1-646-590,211,-9,7/25/2014,933,464,Major Market,East,59,381,675,200,460,390,,83
LHC2-561-245,22,1,7/26/2014,570,30,Major Market,East,7,11,52,,20,10,30,19
LHL2-631-872,245,64,7/27/2014,1704,331,Major Market,East,93,204,,180,240,140,420,127
LHM2-914-398,225,-36,7/28/2014,4742,-65,Major Market,East,69,-156,160,160,-50,-120,110,91
LTD1-518-625,81,-6,7/29/2014,984,117,Major Market,East,22,84,198,80,,90,200,33
LTE1-315-969,118,-3,7/30/2014,930,172,Major Market,East,33,127,290,,170,130,290,45
BCD2-813-775,134,12,7/31/2014,690,186,Major Market,East,41,122,320,120,160,110,280,64
BED2-407-459,83,-12,08-01-2014,575,112,Major Market,East,27,58,195,,110,70,190,54
BCC1-754-977,88,-7,08-02-2014,817,133,Major Market,East,29,73,221,70,120,80,190,60
BCC1-351-688,67,30,08-03-2014,-3534,443,Major Market,East,22,390,510,,390,360,450,53
BCC1-845-977,279,21,08-04-2014,2642,420,Major Market,East,97,271,699,250,370,250,620,149
BEC1-305-796,105,-9,08-05-2014,716,145,Major Market,East,95,21,250,,140,30,240,124
BEC1-212-354,135,-14,08-06-2014,3641,-69,Major Market,East,122,-224,66,130,-70,,60,155
BER1-351-906,153,7,08-07-2014,1319,153,Major Market,East,42,87,306,150,140,80,290,66
BER1-718-856,250,-8,08-08-2014,723,407,Major Market,East,70,312,657,240,400,,640,95
LHL2-607-322,,99,08-09-2014,1727,453,Major Market,East,111,309,747,220,320,210,540,144
LHM2-716-940,241,-39,08-10-2014,5121,-93,Major Market,East,74,-189,148,180,-80,,100,96
LTD1-716-695,86,-1,08-11-2014,1003,124,Major Market,East,24,89,210,90,120,90,210,35
LTE1-718-407,123,-17,08-12-2014,959,179,Major Market,East,34,133,302,120,190,,310,46
BCD2-772-223,91,23,8/13/2014,656,127,Major Market,East,28,113,232,70,110,,180,51
BED2-321-428,86,-1,8/14/2014,547,116,Major Market,East,28,89,215,70,110,90,180,56
BCC1-954-498,82,5,8/15/2014,788,123,Major Market,East,27,95,218,60,110,90,170,59
BCC1-857-187,72,186,8/16/2014,-3004,402,Major Market,East,23,516,505,,350,330,400,54
BCC1-716-531,260,137,8/17/2014,2548,390,Major Market,East,91,367,693,,330,230,540,143
BEC1-727-544,96,-23,8/18/2014,683,134,Major Market,East,87,27,245,80,130,50,210,116
BEC1-914-278,125,-130,8/19/2014,3142,-56,Major Market,East,113,-300,74,,-60,-170,50,146
BER1-508-663,161,17,8/20/2014,1267,161,Major Market,East,,137,343,140,160,120,300,69
BER1-212-865,239,196,8/21/2014,1197,526,Major Market,East,,646,815,210,510,450,720,91
LHC2-904-659,22,-5,8/22/2014,573,29,Major Market,East,7,15,54,0,20,20,20,19
LHL2-585-738,255,121,8/23/2014,1622,258,Major Market,East,,191,547,140,150,70,290,129
LHM2-631-786,239,-152,8/24/2014,4360,-75,Major Market,East,74,-252,175,130,-50,-100,80,95
LTD1-585-442,108,31,8/25/2014,971,157,Major Market,East,30,171,282,110,170,140,280,42
LTE1-718-879,123,39,8/26/2014,915,179,Major Market,East,,199,322,130,190,160,320,45
LTG1-607-235,76,16,8/27/2014,580,111,Major Market,East,,116,199,80,120,100,200,33
BCD2-904-408,102,42,8/28/2014,666,143,Major Market,East,31,132,261,90,130,90,220,
BED2-772-658,77,16,8/29/2014,557,103,Major Market,East,,76,192,70,100,60,170,52
BCC1-786-288,78,33,8/30/2014,798,119,Major Market,East,25,93,,70,100,60,170,56
BCC1-857-207,75,181,8/31/2014,-3287,379,Major Market,East,24,481,484,60,,300,400,55
BCC1-607-309,249,120,09-01-2014,2580,374,Major Market,East,87,350,664,220,340,230,560,138
BEC1-813-884,94,2,09-02-2014,694,130,Major Market,East,85,22,239,90,120,20,,115
BEC1-914-382,121,-110,09-03-2014,3385,-60,Major Market,East,109,-300,65,110,-60,-190,50,142
BER1-617-169,181,40,09-04-2014,1283,182,Major Market,East,50,160,387,170,180,,350,74
BER1-917-253,,175,09-05-2014,933,464,Major Market,East,59,565,719,200,460,390,660,83
LHC2-727-410,22,6,09-06-2014,570,30,Major Market,East,7,16,55,10,,10,30,19
LHL2-585-381,245,163,09-07-2014,1704,331,Major Market,East,93,303,614,180,240,140,420,127
LHM2-518-198,225,-112,09-08-2014,4742,-65,Major Market,East,69,-232,171,160,-50,-120,110,91
LTD1-516-887,81,35,09-09-2014,984,117,Major Market,East,22,125,,80,120,90,200,33
LTE1-914-958,118,58,09-10-2014,930,172,Major Market,East,33,188,309,120,170,130,290,45
BCD2-727-891,134,71,09-11-2014,690,186,Major Market,East,41,181,,120,160,110,280,64
BED2-386-296,83,16,09-12-2014,575,112,Major Market,East,27,86,208,80,110,70,190,54
BCC1-407-415,88,28,9/13/2014,817,133,Major Market,East,29,108,,70,120,80,190,60
BCC1-351-903,67,219,9/14/2014,-3534,443,Major Market,East,22,579,543,60,,360,450,53
BCC1-315-134,279,152,9/15/2014,2642,420,Major Market,East,97,402,745,250,370,250,620,149
BEC1-305-897,105,1,9/16/2014,716,145,Major Market,East,95,31,266,100,140,30,240,124
BEC1-845-431,135,-122,9/17/2014,3641,-69,Major Market,East,122,-332,70,130,-70,-210,60,155
BER1-857-247,153,49,9/18/2014,1319,153,Major Market,East,42,129,326,,140,80,290,66
BER1-518-381,250,143,9/19/2014,723,407,Major Market,East,70,463,700,240,400,320,640,95
LHL2-631-525,294,249,9/20/2014,1727,453,Major Market,East,111,459,796,,320,210,540,144
LHM2-716-649,241,-130,9/21/2014,5121,-93,Major Market,East,74,-280,158,,-80,-150,100,96
LTD1-718-190,86,42,9/22/2014,1003,124,Major Market,East,24,132,224,90,120,90,210,35
LTE1-518-131,123,47,9/23/2014,959,179,Major Market,East,34,197,322,120,190,150,310,46
BCD2-719-233,108,-34,9/24/2014,971,157,Major Market,Central,30,116,265,100,160,150,260,41
BCD2-815-215,122,-45,9/25/2014,789,176,Major Market,Central,39,115,298,,190,160,300,61
BED2-303-569,72,-74,9/26/2014,650,110,Major Market,Central,23,56,182,,160,130,260,54
BED2-312-849,239,-151,9/27/2014,1755,239,Major Market,Central,66,149,478,340,370,300,710,90
BED2-614-468,54,-58,9/28/2014,404,66,Major Market,Central,20,12,120,70,100,70,170,
BCA1-970-362,123,-27,9/29/2014,915,179,Major Market,Central,34,133,302,120,180,160,300,46
BCC1-815-638,154,-40,9/30/2014,1132,213,Major Market,Central,50,120,367,150,220,160,370,
BEC1-303-650,76,-91,10-01-2014,580,111,Major Market,Central,21,79,187,100,180,170,280,32
BEC1-815-953,257,-196,10-02-2014,1662,341,Major Market,Central,84,224,598,370,520,420,890,117
BEC1-567-670,161,-98,10-03-2014,1267,161,Major Market,Central,45,92,322,230,240,190,,69
LHC2-719-712,,-18,10-04-2014,1267,161,Major Market,Central,45,92,322,120,140,110,260,69
LHC2-708-635,123,-7,10-05-2014,915,179,Major Market,Central,34,133,302,90,150,140,,46
LHM2-815-614,108,-4,10-06-2014,971,157,Major Market,Central,30,116,265,80,130,120,210,41
LTD1-234-676,82,5,10-07-2014,788,123,Major Market,Central,27,65,205,50,90,60,140,58
LTE1-614-359,91,-4,10-08-2014,656,127,Major Market,Central,28,76,218,50,100,80,,51
LTG1-720-406,90,-6,10-09-2014,572,115,Major Market,Central,29,74,205,50,90,80,140,41
BCD2-641-176,10,-12,10-10-2014,598,13,Small Market,Central,3,-2,23,,10,10,10,15
BCD2-715-752,86,-39,10-11-2014,547,116,Small Market,Central,28,61,202,80,120,100,200,55
BCC1-816-341,79,-35,10-12-2014,593,98,Small Market,Central,30,35,177,70,100,70,170,63
BCC1-715-994,96,-42,10/13/2014,683,134,Small Market,Central,87,18,230,90,140,60,230,116
BEC1-314-669,40,-54,10/14/2014,881,59,Small Market,Central,11,36,99,,90,90,140,23
BEC1-608-499,80,-72,10/15/2014,1055,94,Small Market,Central,24,48,174,110,140,,250,46
LHC2-712-632,257,14,10/16/2014,1662,341,Small Market,Central,84,224,598,200,280,210,480,117
LHL2-641-466,122,-16,10/17/2014,789,176,Small Market,Central,39,114,298,90,150,130,240,62
LHL2-573-733,86,-36,10/18/2014,1698,23,Small Market,Central,26,-26,109,60,20,10,80,49
LTD1-563-265,239,39,10/19/2014,1755,239,Small Market,Central,66,149,478,,170,110,340,90
LTE1-563-664,255,53,10/20/2014,1756,312,Small Market,Central,96,183,567,170,230,130,400,129
LTE1-417-273,25,-11,10/21/2014,209,31,Small Market,Central,9,-11,56,,20,0,30,42
BCD2-970-250,81,4,10/22/2014,984,117,Major Market,Central,22,84,198,80,110,80,190,33
BCD2-815-506,113,-4,10/23/2014,803,165,Major Market,Central,36,106,278,110,160,110,270,
BED2-303-823,75,-42,10/24/2014,659,114,Major Market,Central,24,58,189,90,150,,240,56
BED2-847-290,211,-71,10/25/2014,1778,212,Major Market,Central,59,129,423,270,270,200,540,83
BCA1-970-106,,-2,10/26/2014,930,172,Major Market,Central,33,128,290,110,170,130,280,44
BCC1-815-252,173,-1,10/27/2014,1150,239,Major Market,Central,57,139,412,170,230,,400,100
BEC1-303-491,50,-22,10/28/2014,589,73,Major Market,Central,14,48,123,60,90,70,150,25
BEC1-224-531,228,-94,10/29/2014,1691,304,Major Market,Central,75,196,532,290,390,290,680,108
BEC1-440-181,181,-63,10/30/2014,1283,182,Major Market,Central,50,107,363,230,,170,460,75
LHC2-970-347,181,7,10/31/2014,1283,182,Major Market,Central,50,107,363,,160,100,330,75
LHC2-312-249,118,17,11-01-2014,930,172,Major Market,Central,33,127,290,,150,110,260,45
LHM2-630-975,81,4,11-02-2014,984,117,Major Market,Central,22,84,198,70,110,80,180,33
LTD1-330-313,78,2,11-03-2014,798,119,Major Market,Central,25,62,197,60,100,60,160,57
LTE1-630-391,75,9,11-04-2014,659,114,Major Market,Central,24,59,189,60,90,50,150,55
LTE1-419-932,102,19,11-05-2014,666,143,Major Market,Central,31,89,245,80,120,70,200,
LTG1-719-432,88,10,11-06-2014,561,112,Major Market,Central,29,70,200,70,90,60,160,42
BCD2-641-128,10,-13,11-07-2014,596,13,Small Market,Central,3,-3,23,0,20,10,20,16
BCD2-262-741,77,-9,11-08-2014,557,103,Small Market,Central,25,51,180,70,100,60,170,52
BCA1-563-529,15,-2,11-09-2014,848,24,Small Market,Central,4,8,39,10,20,10,30,
BCC1-573-403,82,-2,11-10-2014,601,102,Small Market,Central,31,38,184,80,100,40,180,64
BCC1-262-403,94,-14,11-11-2014,694,130,Small Market,Central,85,16,224,90,130,30,220,114
BEC1-314-647,54,-29,11-12-2014,885,78,Small Market,Central,15,51,132,60,100,80,160,27
BEC1-920-715,75,-25,11/13/2014,1063,89,Small Market,Central,23,45,164,90,110,70,200,
LHC2-712-588,228,16,11/14/2014,1691,304,Small Market,Central,75,196,532,210,280,180,490,108
LHL2-712-283,113,7,11/15/2014,803,165,Small Market,Central,36,107,278,100,150,100,250,58
LTD1-712-710,211,19,11/16/2014,1778,212,Small Market,Central,59,129,423,170,180,110,350,
LTE1-319-434,245,43,11/17/2014,1784,300,Small Market,Central,93,173,545,200,250,130,450,
BCD2-720-329,86,-2,11/18/2014,1003,124,Major Market,Central,24,88,210,80,120,90,200,36
BCD2-630-961,127,-8,11/19/2014,830,185,Major Market,Central,40,122,312,120,180,130,300,
BED2-970-272,67,-33,11/20/2014,677,101,Major Market,Central,22,47,,80,130,80,210,54
BED2-630-312,250,-83,11/21/2014,1820,251,Major Market,Central,70,157,501,320,320,240,640,94
BCA1-719-117,123,4,11/22/2014,959,179,Major Market,Central,34,134,302,120,170,130,290,45
BCC1-847-570,224,4,11/23/2014,1191,310,Major Market,Central,73,194,,220,300,190,520,116
BEC1-970-274,54,-37,11/24/2014,601,79,Major Market,Central,15,53,133,60,110,90,170,26
BEC1-815-636,247,-104,11/25/2014,1744,329,Major Market,Central,81,216,576,310,420,320,730,113
BEC1-740-652,153,-53,11/26/2014,1319,153,Major Market,Central,42,87,306,190,200,140,390,66
LHC2-303-741,153,7,11/27/2014,1319,153,Major Market,Central,42,87,,140,140,80,280,66
LHC2-309-964,123,3,11/28/2014,959,179,Major Market,Central,34,133,302,110,170,130,280,46
LHM2-630-918,86,8,11/29/2014,1003,124,Major Market,Central,24,88,210,80,110,80,190,36
LTD1-513-284,88,2,11/30/2014,817,133,Major Market,Central,29,72,221,70,,70,180,61
LTE1-740-136,134,31,12-01-2014,690,186,Major Market,Central,41,121,320,110,150,90,260,65
LTG1-719-208,81,6,12-02-2014,551,104,Major Market,Central,26,66,185,60,90,60,150,38
BCD2-319-892,10,-11,12-03-2014,594,14,Small Market,Central,3,-1,24,0,20,10,20,15
BCD2-715-459,83,-13,12-04-2014,575,112,Small Market,Central,27,57,195,80,,70,190,55
BCC1-573-866,68,-14,12-05-2014,619,85,Small Market,Central,25,26,153,60,90,40,,59
BCC1-715-510,105,-10,12-06-2014,716,145,Small Market,Central,95,20,250,100,140,30,240,125
BEC1-314-712,50,-22,12-07-2014,898,73,Small Market,Central,14,48,123,60,90,70,150,25
BEC1-715-692,80,-30,12-08-2014,1079,96,Small Market,Central,24,50,176,100,120,80,,46
LHC2-641-961,247,16,12-09-2014,1744,329,Small Market,Central,81,216,576,230,300,200,,113
LHL2-319-613,127,3,12-10-2014,830,185,Small Market,Central,40,123,312,120,170,120,290,62
LTD1-641-331,250,36,12-11-2014,1820,251,Small Market,Central,70,156,501,210,,120,410,95
LTE1-641-433,294,46,12-12-2014,1838,360,Small Market,Central,111,216,654,240,300,170,,144
LTE1-573-774,20,-6,12/13/2014,218,25,Small Market,Central,7,-16,45,10,20,-10,30,41
BCD2-719-390,108,22,12/14/2014,971,157,Major Market,Central,30,,282,100,160,150,260,41
BCD2-815-990,122,11,12/15/2014,789,176,Major Market,Central,39,171,318,110,190,160,300,61
BED2-970-767,72,-47,12/16/2014,650,110,Major Market,Central,23,,194,100,160,130,260,54
BED2-773-777,239,-79,12/17/2014,1755,239,Major Market,Central,66,,509,340,370,300,710,90
BED2-419-287,54,-52,12/18/2014,404,66,Major Market,Central,20,18,128,70,100,70,170,54
BCA1-719-935,123,37,12/19/2014,915,179,Major Market,Central,34,197,322,120,180,160,300,46
BCC1-815-568,154,18,12/20/2014,1132,213,Major Market,Central,50,,391,150,220,160,370,93
BEC1-970-891,76,-53,12/21/2014,580,111,Major Market,Central,21,117,199,,180,170,280,32
BEC1-312-605,257,-88,12/22/2014,1662,341,Major Market,Central,84,332,637,,520,420,890,117
BEC1-513-768,161,-53,12/23/2014,1267,161,Major Market,Central,45,137,343,230,240,190,470,69
LHC2-720-565,161,27,12/24/2014,1267,161,Major Market,Central,45,137,343,120,140,,260,69
LHC2-708-310,123,57,12/25/2014,915,179,Major Market,Central,34,197,322,90,150,,240,46
LHM2-815-877,108,52,12/26/2014,971,157,Major Market,Central,30,172,282,80,130,120,210,41
LTD1-419-115,82,36,12/27/2014,788,123,Major Market,Central,27,96,218,,90,60,140,58
LTE1-419-830,91,33,12/28/2014,656,127,Major Market,Central,28,113,232,50,100,80,150,51
LTG1-970-263,90,30,12/29/2014,572,115,Major Market,Central,29,110,218,50,90,80,140,41
BCD2-641-256,,-13,12/30/2014,598,13,Small Market,Central,3,-3,25,0,10,10,10,15
BCD2-920-975,86,-9,12/31/2014,547,116,Small Market,Central,28,91,215,,120,100,200,55
BCC1-573-559,79,-18,01-01-2015,593,98,Small Market,Central,30,52,189,70,100,70,170,
BCC1-414-561,96,-33,01-02-2015,683,134,Small Market,Central,87,27,245,90,140,60,230,116
BEC1-573-238,40,-37,01-03-2015,881,59,Small Market,Central,11,53,106,50,90,90,140,
BEC1-262-835,80,-49,01-04-2015,1055,94,Small Market,Central,24,71,185,110,140,120,250,
LHC2-319-953,257,122,01-05-2015,1662,341,Small Market,Central,84,332,637,200,280,210,480,117
LHL2-515-985,122,39,01-06-2015,789,176,Small Market,Central,39,169,318,90,150,,240,62
LHL2-417-102,86,-49,01-07-2015,1698,23,Small Market,Central,26,-39,116,60,20,,80,49
LTD1-515-888,239,111,01-08-2015,1755,239,Small Market,Central,66,221,509,170,170,110,340,90
LTE1-515-315,255,142,01-09-2015,1756,312,Small Market,Central,96,272,604,170,230,130,400,129
LTE1-573-293,25,-16,01-10-2015,209,31,Small Market,Central,9,-16,,10,20,0,30,42
BCD2-720-157,81,45,01-11-2015,984,117,Major Market,Central,22,125,,80,110,80,190,33
BCD2-847-433,113,47,01-12-2015,803,165,Major Market,Central,36,157,296,110,160,110,270,59
BED2-970-267,75,-14,1/13/2015,659,114,Major Market,Central,,86,201,90,150,100,240,56
BED2-847-893,211,-9,1/14/2015,1778,212,Major Market,Central,,191,451,270,270,200,540,83
BCA1-719-861,,60,1/15/2015,930,172,Major Market,Central,33,190,309,110,170,130,280,44
BCC1-815-293,173,66,1/16/2015,1150,239,Major Market,Central,57,206,439,170,230,140,400,100
BEC1-303-662,50,1,1/17/2015,589,73,Major Market,Central,14,71,,60,90,70,150,25
BEC1-630-509,228,1,1/18/2015,1691,304,Major Market,Central,75,291,567,290,390,290,680,108
BEC1-234-695,181,-11,1/19/2015,1283,182,Major Market,Central,50,159,387,230,230,170,460,75
LHC2-970-539,181,59,1/20/2015,1283,182,Major Market,Central,50,159,387,170,,100,330,75
LHC2-708-497,118,78,1/21/2015,930,172,Major Market,Central,33,188,309,110,150,110,260,45
LHM2-708-319,81,45,1/22/2015,984,117,Major Market,Central,22,125,211,70,,80,180,33
LTD1-614-225,,32,1/23/2015,798,119,Major Market,Central,25,92,210,60,100,60,160,57
LTE1-309-360,75,38,1/24/2015,659,114,Major Market,Central,24,88,201,60,90,50,,55
LTE1-740-695,102,62,1/25/2015,666,143,Major Market,Central,31,132,261,80,120,70,200,54
LTG1-970-415,88,44,1/26/2015,561,112,Major Market,Central,29,104,213,70,90,60,160,42
BCD2-319-461,10,-14,1/27/2015,596,13,Small Market,Central,3,-4,25,0,20,10,20,16
BCD2-920-591,77,16,1/28/2015,557,103,Small Market,Central,25,76,192,70,,60,170,52
BCA1-712-264,15,2,1/29/2015,848,24,Small Market,Central,4,12,42,10,20,10,30,16
BCC1-573-329,82,16,1/30/2015,601,102,Small Market,Central,31,56,196,80,100,40,180,64
BCC1-608-821,94,-6,1/31/2015,694,130,Small Market,Central,85,24,239,90,130,,220,114
BEC1-573-960,54,-4,02-01-2015,885,78,Small Market,Central,15,76,141,60,100,80,160,27
BEC1-715-985,75,-3,02-02-2015,1063,89,Small Market,Central,23,67,175,90,110,70,200,44
LHC2-641-212,228,111,02-03-2015,1691,304,Small Market,Central,75,291,567,,280,180,490,108
LHL2-641-739,113,59,02-04-2015,803,165,Small Market,Central,36,159,296,100,150,100,250,58
LTD1-563-696,211,81,02-05-2015,1778,212,Small Market,Central,59,191,451,170,180,110,350,83
LTE1-641-896,245,127,02-06-2015,1784,300,Small Market,Central,93,257,581,200,250,,450,127
BCD2-720-680,86,41,02-07-2015,1003,124,Major Market,Central,24,131,224,80,120,90,200,36
BCD2-312-133,127,51,02-08-2015,830,185,Major Market,Central,40,181,332,120,,130,300,63
BED2-720-489,,-10,02-09-2015,677,101,Major Market,Central,22,70,179,80,130,80,210,54
BED2-773-284,250,-7,02-10-2015,1820,251,Major Market,Central,70,233,,320,320,240,640,94
BCA1-303-165,123,69,02-11-2015,959,179,Major Market,Central,34,199,322,120,170,130,290,45
BCC1-312-800,224,98,02-12-2015,1191,310,Major Market,Central,73,288,569,220,300,190,520,116
BEC1-970-199,54,-11,2/13/2015,601,79,Major Market,Central,15,79,142,60,110,90,170,26
BEC1-708-131,247,1,2/14/2015,1744,329,Major Market,Central,81,321,614,310,,320,730,113
BEC1-937-570,153,-11,2/15/2015,1319,153,Major Market,Central,42,129,326,190,200,140,390,66
LHC2-970-258,153,49,2/16/2015,1319,153,Major Market,Central,42,129,,140,140,80,280,66
LHC2-618-847,123,67,2/17/2015,959,179,Major Market,Central,34,197,322,110,170,130,280,46
LHM2-312-230,86,51,2/18/2015,1003,124,Major Market,Central,24,131,224,80,110,80,190,36
LTD1-513-935,88,37,2/19/2015,817,133,Major Market,Central,29,107,,70,110,70,180,61
LTE1-513-788,134,90,2/20/2015,690,186,Major Market,Central,41,180,341,110,,90,260,65
LTG1-719-137,81,38,2/21/2015,551,104,Major Market,Central,26,98,197,60,90,60,150,38
BCD2-712-949,10,-11,2/22/2015,594,14,Small Market,Central,3,-1,26,0,20,10,20,15
BCD2-414-985,83,15,2/23/2015,575,112,Small Market,Central,27,85,208,80,,70,190,55
BCC1-573-871,68,-1,2/24/2015,619,85,Small Market,Central,25,39,163,60,90,40,150,59
BCC1-262-703,105,0,2/25/2015,716,145,Small Market,Central,95,30,,100,140,30,240,125
BEC1-573-420,50,1,2/26/2015,898,73,Small Market,Central,14,71,131,60,90,70,150,25
BEC1-262-483,80,-6,2/27/2015,1079,96,Small Market,Central,24,74,188,100,120,80,220,46
LHC2-515-874,247,121,2/28/2015,1744,329,Small Market,Central,81,321,614,230,300,200,530,113
LHL2-515-906,127,63,03-01-2015,830,185,Small Market,Central,40,183,332,,170,120,290,62
LTD1-641-882,250,112,03-02-2015,1820,251,Small Market,Central,70,232,534,210,200,120,410,95
LTE1-563-436,294,151,03-03-2015,1838,360,Small Market,Central,111,321,697,240,300,170,540,144
LTE1-816-211,20,-14,03-04-2015,218,25,Small Market,Central,7,-24,48,10,20,-10,30,41
BCD2-951-844,154,-17,03-05-2015,3654,-24,Major Market,West,50,-117,130,220,-30,-100,190,
BED2-714-584,257,-15,03-06-2015,1662,341,Major Market,West,84,225,,230,320,240,550,116
BCA1-818-172,122,-14,03-07-2015,2555,-13,Major Market,West,39,-74,109,170,-20,-60,150,61
BCC1-626-890,,-223,03-08-2015,2548,390,Major Market,West,91,247,650,380,580,470,960,143
BEL1-562-169,239,-11,03-09-2015,1755,239,Major Market,West,66,149,478,210,220,160,430,90
BEC1-562-285,125,-23,03-10-2015,898,173,Major Market,West,113,27,298,110,,50,270,146
LHC2-661-464,108,-5,03-11-2015,971,157,Major Market,West,30,115,265,80,130,120,210,42
LHL2-562-338,239,16,03-12-2015,1246,281,Major Market,West,74,186,520,190,,170,410,95
LTD1-562-681,123,54,3/13/2015,915,179,Major Market,West,34,134,302,50,90,80,140,45
BCD2-971-776,43,-51,3/14/2015,419,64,Small Market,West,13,29,,50,100,80,150,35
BCD2-435-522,79,-86,3/15/2015,593,98,Small Market,West,30,34,177,100,160,120,260,64
BCD2-425-404,96,-83,3/16/2015,683,134,Small Market,West,87,17,230,140,190,100,330,117
BED2-503-768,161,-19,3/17/2015,1267,161,Small Market,West,45,91,322,140,150,110,290,
BED2-253-776,80,-32,3/18/2015,1055,94,Small Market,West,24,48,174,60,90,80,150,46
BCA1-971-550,51,-55,3/19/2015,503,71,Small Market,West,46,-5,122,70,100,50,170,76
BCA1-435-488,65,-54,3/20/2015,1053,77,Small Market,West,20,36,142,90,110,90,200,
BCC1-971-269,60,-69,3/21/2015,463,84,Small Market,West,19,21,144,80,130,90,210,63
BCC1-435-587,47,-58,3/22/2015,375,64,Small Market,West,15,,111,50,100,80,150,42
BCC1-206-613,68,-54,3/23/2015,438,99,Small Market,West,21,56,167,90,140,110,230,43
BEL1-206-298,22,-10,3/24/2015,573,29,Small Market,West,7,10,51,10,20,20,30,19
BEC1-702-832,21,-6,3/25/2015,846,31,Small Market,West,5,14,52,10,20,20,30,17
BEC1-801-356,103,-23,3/26/2015,564,133,Small Market,West,33,,236,80,130,110,210,46
LHC2-775-152,125,-34,3/27/2015,898,173,Small Market,West,113,26,298,90,150,60,240,147
LHC2-206-450,125,-15,3/28/2015,1119,188,Small Market,West,41,115,313,90,,130,250,73
LHL2-702-855,154,0,3/29/2015,1132,213,Small Market,West,50,120,367,120,170,120,290,93
LHL2-971-420,90,-17,3/30/2015,572,115,Small Market,West,29,73,205,60,100,90,160,
LHM2-702-925,122,-16,3/31/2015,789,176,Small Market,West,39,114,298,90,150,130,240,62
LHM2-435-851,86,-27,04-01-2015,1698,23,Small Market,West,26,-27,109,60,20,0,80,
LTD1-702-597,257,94,04-02-2015,1662,341,Small Market,West,84,224,598,110,180,130,290,117
LTD1-541-983,,-4,04-03-2015,480,32,Small Market,West,5,16,53,0,20,20,20,16
LTE1-775-562,239,69,04-04-2015,1755,239,Small Market,West,66,149,478,110,120,80,,90
LTG1-702-938,255,-193,04-05-2015,7058,-255,Small Market,West,96,-363,21,110,-110,-170,0,129
LTG1-435-774,25,-22,04-06-2015,209,31,Small Market,West,9,-12,56,0,20,10,,43
BCD2-909-901,173,3,04-07-2015,3909,-27,Major Market,West,57,-127,146,200,-30,-130,170,100
BED2-707-658,228,7,04-08-2015,1691,304,Major Market,West,75,197,532,220,290,190,,107
BCA1-619-553,113,-6,04-09-2015,2758,3,Major Market,West,36,-56,116,130,0,-50,130,59
BCC1-951-360,249,-75,04-10-2015,2580,374,Major Market,West,87,235,623,290,450,310,740,139
BEL1-559-463,211,-11,04-11-2015,1778,212,Major Market,West,59,129,423,200,210,140,410,83
BEC1-818-452,121,-14,04-12-2015,912,168,Major Market,West,109,26,289,110,170,40,280,142
LHC2-213-825,81,4,4/13/2015,984,117,Major Market,West,22,84,198,70,110,80,,33
LHL2-213-836,225,14,4/14/2015,1272,265,Major Market,West,69,174,490,210,240,160,450,91
LTD1-213-312,118,18,4/15/2015,930,172,Major Market,West,,128,290,80,130,110,210,44
BCD2-801-587,82,-22,4/16/2015,601,102,Small Market,West,,38,184,90,120,60,210,64
BCD2-253-984,94,-24,4/17/2015,694,130,Small Market,West,85,16,224,110,150,40,260,114
BED2-503-252,181,-12,4/18/2015,1283,182,Small Market,West,50,108,363,170,180,120,350,74
BCA1-801-177,69,-11,4/19/2015,1060,81,Small Market,West,21,39,150,80,90,50,170,42
BCC1-971-759,53,-26,4/20/2015,470,75,Small Market,West,,14,128,60,90,40,150,61
BCC1-425-271,63,-20,4/21/2015,446,93,Small Market,West,20,50,156,70,110,70,180,43
BEC1-775-298,15,-1,4/22/2015,848,24,Small Market,West,4,9,39,10,20,10,30,15
BEC1-435-952,101,-5,4/23/2015,552,130,Small Market,West,,85,231,90,130,90,220,45
LHC2-775-233,121,6,4/24/2015,912,168,Small Market,West,109,26,289,110,150,20,260,142
LHC2-206-846,130,2,4/25/2015,1134,195,Small Market,West,42,122,325,120,180,120,300,73
LHL2-702-101,173,8,4/26/2015,1150,239,Small Market,West,57,138,412,160,220,130,380,
LHL2-971-951,88,0,4/27/2015,561,112,Small Market,West,29,70,200,80,100,70,180,42
LHM2-702-613,113,7,4/28/2015,803,165,Small Market,West,36,107,278,100,150,100,250,58
LTD1-702-154,228,56,4/29/2015,1691,304,Small Market,West,,196,532,160,220,140,380,108
LTE1-702-703,211,48,4/30/2015,1778,212,Small Market,West,59,128,423,,150,80,300,84
LTE1-971-494,78,12,05-01-2015,798,119,Small Market,West,25,62,197,50,90,50,140,57
LTG1-702-848,245,-60,05-02-2015,7653,-245,Small Market,West,93,-340,32,,-180,-280,0,127
LTG1-971-239,102,19,05-03-2015,666,143,Small Market,West,31,,245,70,100,70,170,54
BCD2-714-606,224,1,05-04-2015,4216,-32,Major Market,West,73,-149,192,260,-40,-150,220,117
BED2-209-147,247,6,05-05-2015,1744,329,Major Market,West,81,216,576,240,310,210,550,113
BCA1-951-425,127,2,05-06-2015,2947,-25,Major Market,West,40,-88,102,,-30,-90,120,63
BCC1-707-992,279,-79,05-07-2015,2642,420,Major Market,West,97,271,699,330,500,350,830,149
BEL1-916-919,250,-3,05-08-2015,1820,251,Major Market,West,70,157,,240,240,160,480,94
BEC1-530-374,135,-9,05-09-2015,940,187,Major Market,West,122,31,322,130,180,40,310,156
LHC2-626-766,86,9,05-10-2015,1003,124,Major Market,West,24,89,210,80,,80,190,35
LHL2-415-494,241,18,05-11-2015,1321,284,Major Market,West,74,188,525,220,260,170,,96
LTD1-916-956,123,24,05-12-2015,959,179,Major Market,West,34,134,302,90,130,110,220,45
BCD2-435-533,,-24,5/13/2015,619,85,Small Market,West,25,26,153,80,100,50,180,59
BCD2-509-576,105,-30,5/14/2015,716,145,Small Market,West,95,20,250,120,170,,290,125
BED2-971-306,,7,5/15/2015,1319,153,Small Market,West,42,87,306,150,140,80,290,66
BED2-253-229,80,-9,5/16/2015,1079,96,Small Market,West,24,51,176,70,100,60,170,
BCA1-435-517,63,-14,5/17/2015,1075,76,Small Market,West,19,36,139,70,90,50,160,40
BCC1-253-456,72,-22,5/18/2015,461,104,Small Market,West,23,58,176,80,120,80,,
BEC1-775-430,16,0,5/19/2015,851,25,Small Market,West,4,10,41,10,,10,30,15
BEC1-435-858,94,7,5/20/2015,540,120,Small Market,West,31,77,214,90,110,70,200,43
LHC2-702-350,135,2,5/21/2015,940,187,Small Market,West,122,32,322,120,170,30,290,155
LHC2-509-582,115,-5,5/22/2015,1166,174,Small Market,West,37,105,289,100,,110,260,69
LHL2-775-181,224,24,5/23/2015,1191,310,Small Market,West,73,194,534,210,280,170,490,116
LHL2-541-448,81,-4,5/24/2015,551,104,Small Market,West,26,66,185,70,,70,170,38
LHM2-775-325,127,2,5/25/2015,830,185,Small Market,West,40,122,312,,170,120,290,63
LTD1-702-664,247,65,5/26/2015,1744,329,Small Market,West,81,215,576,180,240,150,420,114
LTE1-702-885,250,57,5/27/2015,1820,251,Small Market,West,70,157,501,180,180,100,360,94
LTE1-971-767,88,13,5/28/2015,817,133,Small Market,West,29,73,221,60,100,60,160,60
LTG1-775-791,294,-88,5/29/2015,8252,-294,Small Market,West,111,-408,31,,-210,-320,0,145
LTG1-503-226,134,21,5/30/2015,690,186,Small Market,West,41,121,320,90,140,,230,65
LTG1-435-103,20,-15,5/31/2015,218,25,Small Market,West,7,-15,45,10,20,0,30,40
BCD2-650-965,154,-74,06-01-2015,3654,-24,Major Market,West,50,-174,139,220,-30,-100,190,93
BED2-415-846,257,94,06-02-2015,1662,341,Major Market,West,84,334,637,230,320,240,,116
BCA1-909-666,122,-50,06-03-2015,2555,-13,Major Market,West,39,-110,116,170,-20,-60,150,61
BCC1-818-840,260,-103,06-04-2015,2548,390,Major Market,West,91,367,693,380,580,470,960,143
BEL1-714-619,239,61,06-05-2015,1755,239,Major Market,West,66,221,509,210,220,160,430,90
BEC1-805-765,125,-10,06-06-2015,898,173,Major Market,West,113,40,318,110,160,50,270,146
LHC2-925-776,108,51,06-07-2015,971,157,Major Market,West,30,171,282,80,130,,210,42
LHL2-951-791,239,106,06-08-2015,1246,281,Major Market,West,74,276,554,190,220,170,410,95
LTD1-831-632,123,119,06-09-2015,915,179,Major Market,West,34,199,322,50,90,80,140,45
BCD2-971-613,43,-37,06-10-2015,419,64,Small Market,West,13,43,,50,100,80,150,35
BCD2-435-238,79,-70,06-11-2015,593,98,Small Market,West,30,50,189,100,160,120,260,64
BCD2-206-141,96,-75,06-12-2015,683,134,Small Market,West,87,25,,140,190,100,330,117
BED2-503-320,161,25,6/13/2015,1267,161,Small Market,West,,135,343,140,150,110,290,70
BED2-360-299,80,-9,6/14/2015,1055,94,Small Market,West,24,71,185,60,90,80,150,46
BCA1-503-129,51,-57,6/15/2015,503,71,Small Market,West,46,-7,,70,100,50,170,76
BCA1-435-848,65,-37,6/16/2015,1053,77,Small Market,West,20,53,151,90,110,90,200,41
BCC1-503-858,60,-59,6/17/2015,463,84,Small Market,West,19,,153,80,130,90,210,63
BCC1-435-321,47,-47,6/18/2015,375,64,Small Market,West,15,33,118,50,100,80,150,42
BCC1-360-219,68,-27,6/19/2015,438,99,Small Market,West,21,,178,90,140,110,230,43
BEL1-206-672,22,-5,6/20/2015,573,29,Small Market,West,7,15,54,10,20,20,30,19
BEC1-775-940,21,1,6/21/2015,846,31,Small Market,West,5,21,,10,20,20,30,17
BEC1-435-903,103,19,6/22/2015,564,133,Small Market,West,33,129,251,80,130,110,210,46
LHC2-702-260,125,-21,6/23/2015,898,173,Small Market,West,113,39,318,90,150,60,240,147
LHC2-360-699,125,41,6/24/2015,1119,188,Small Market,West,41,171,,90,160,130,250,73
LHL2-775-885,154,58,6/25/2015,1132,213,Small Market,West,50,178,391,120,170,,290,93
LHL2-541-283,90,18,6/26/2015,572,115,Small Market,West,29,108,218,60,100,90,160,42
LHM2-775-340,122,39,6/27/2015,789,176,Small Market,West,39,169,318,90,150,,240,62
LHM2-435-758,86,-40,6/28/2015,1698,23,Small Market,West,26,-40,116,60,20,0,80,
LTD1-775-408,257,202,6/29/2015,1662,341,Small Market,West,84,332,637,110,180,130,290,117
LTD1-971-419,21,4,6/30/2015,480,32,Small Market,West,5,24,56,0,20,20,20,
LTE1-775-564,239,141,07-01-2015,1755,239,Small Market,West,66,221,509,110,120,80,230,90
LTG1-702-608,255,-369,07-02-2015,7058,-255,Small Market,West,96,-539,22,110,-110,-170,0,
LTG1-435-730,25,-28,07-03-2015,209,31,Small Market,West,9,-18,60,0,20,10,20,43
BCD2-626-885,173,-58,07-04-2015,3909,-27,Major Market,West,57,-188,156,200,-30,-130,,100
BED2-213-436,228,102,07-05-2015,1691,304,Major Market,West,75,292,567,220,290,190,510,107
BCA1-916-281,113,-33,07-06-2015,2758,3,Major Market,West,36,-83,124,130,0,-50,,59
BCC1-213-222,249,39,07-07-2015,2580,374,Major Market,West,87,349,664,290,450,310,740,139
BEL1-951-804,211,51,07-08-2015,1778,212,Major Market,West,59,191,451,200,210,140,410,83
BEC1-916-407,121,-1,07-09-2015,912,168,Major Market,West,109,39,308,110,170,40,280,142
LHC2-760-457,81,45,07-10-2015,984,117,Major Market,West,22,125,211,70,110,80,180,33
LHL2-510-539,225,98,07-11-2015,1272,265,Major Market,West,69,258,522,210,240,160,,91
LTD1-805-318,118,80,07-12-2015,930,172,Major Market,West,33,190,309,80,130,110,,44
BCD2-435-549,82,-4,7/13/2015,601,102,Small Market,West,31,56,196,90,120,60,210,64
BCD2-509-952,94,-16,7/14/2015,694,130,Small Market,West,85,24,239,110,,40,260,114
BED2-971-303,181,40,7/15/2015,1283,182,Small Market,West,50,160,387,170,,120,350,74
BCA1-435-731,69,8,7/16/2015,1060,81,Small Market,West,21,58,160,80,90,50,170,42
BCC1-541-237,53,-19,7/17/2015,470,75,Small Market,West,17,21,136,60,,40,150,61
BCC1-253-254,63,4,7/18/2015,446,93,Small Market,West,20,74,,70,,70,180,43
BEC1-775-590,15,3,7/19/2015,848,24,Small Market,West,4,13,42,10,20,10,30,15
BEC1-801-270,101,36,7/20/2015,552,130,Small Market,West,33,126,,90,130,90,220,45
LHC2-702-211,121,19,7/21/2015,912,168,Small Market,West,109,39,308,110,150,20,260,142
LHC2-206-759,130,61,7/22/2015,1134,195,Small Market,West,42,181,346,120,180,120,300,73
LHL2-702-765,173,75,7/23/2015,1150,239,Small Market,West,57,205,,160,220,130,380,101
LHL2-541-904,88,34,7/24/2015,561,112,Small Market,West,29,104,213,80,100,70,180,42
LHM2-775-721,113,59,7/25/2015,803,165,Small Market,West,36,,296,100,150,100,250,58
LTD1-775-508,228,151,7/26/2015,1691,304,Small Market,West,75,,567,160,220,140,380,108
LTE1-702-125,211,110,7/27/2015,1778,212,Small Market,West,59,190,451,150,150,80,300,84
LTE1-503-806,78,42,7/28/2015,798,119,Small Market,West,25,92,210,50,90,50,140,57
LTG1-775-959,245,-225,7/29/2015,7653,-245,Small Market,West,93,-505,34,180,-180,-280,0,127
LTG1-971-790,102,62,7/30/2015,666,143,Small Market,West,31,132,261,70,100,70,170,54
BCD2-951-787,224,-71,7/31/2015,4216,-32,Major Market,West,73,-221,205,260,-40,-150,220,117
BED2-209-730,247,111,08-01-2015,1744,329,Major Market,West,81,321,614,240,310,210,550,113
BCA1-209-502,127,-41,08-02-2015,2947,-25,Major Market,West,40,,109,150,-30,-90,120,63
BCC1-530-964,279,52,08-03-2015,2642,420,Major Market,West,97,402,745,330,500,350,830,149
BEL1-949-610,250,73,08-04-2015,1820,251,Major Market,West,70,233,534,240,240,160,480,94
BEC1-530-957,135,6,08-05-2015,940,187,Major Market,West,,46,343,130,180,40,310,156
LHC2-916-213,86,52,08-06-2015,1003,124,Major Market,West,24,132,224,80,110,80,190,35
LHL2-661-509,241,109,08-07-2015,1321,284,Major Market,West,74,279,559,220,260,170,480,96
LTD1-323-294,123,89,08-08-2015,959,179,Major Market,West,34,199,322,90,130,110,220,45
BCD2-801-284,68,-11,08-09-2015,619,85,Small Market,West,,39,163,80,100,50,180,59
BCD2-206-590,,-20,08-10-2015,716,145,Small Market,West,95,30,266,120,170,50,290,125
BED2-971-907,153,49,08-11-2015,1319,153,Small Market,West,42,129,,150,140,80,290,66
BED2-360-356,80,16,08-12-2015,1079,96,Small Market,West,24,76,188,70,100,60,170,45
BCA1-435-213,63,3,8/13/2015,1075,76,Small Market,West,19,53,148,70,,50,160,40
BCC1-360-826,72,6,8/14/2015,461,104,Small Market,West,23,86,188,80,120,,200,46
BEC1-775-122,,5,8/15/2015,851,25,Small Market,West,4,15,44,10,20,10,30,15
BEC1-435-493,94,44,8/16/2015,540,120,Small Market,West,31,114,228,90,110,,200,43
LHC2-702-154,135,17,8/17/2015,940,187,Small Market,West,122,47,343,120,170,30,,155
LHC2-253-250,115,46,8/18/2015,1166,174,Small Market,West,37,,308,100,160,110,260,69
LHL2-702-868,224,118,8/19/2015,1191,310,Small Market,West,73,288,569,210,280,170,,116
LHL2-503-930,81,28,8/20/2015,551,104,Small Market,West,26,98,197,70,100,70,170,38
LHM2-775-777,,61,8/21/2015,830,185,Small Market,West,40,181,332,120,170,120,290,
LTD1-775-581,247,169,8/22/2015,1744,329,Small Market,West,81,319,614,180,240,150,420,114
LTE1-775-965,250,133,8/23/2015,1820,251,Small Market,West,70,233,534,180,180,100,360,
LTE1-971-423,88,48,8/24/2015,817,133,Small Market,West,29,108,236,60,100,60,160,60
LTG1-775-979,294,-285,8/25/2015,8252,-294,Small Market,West,111,-605,33,210,,-320,0,145
LTG1-503-924,,80,8/26/2015,690,186,Small Market,West,41,180,341,90,140,100,230,65
LTG1-435-395,20,-22,8/27/2015,218,25,Small Market,West,7,-22,48,10,,0,30,40
LTD1-860-582,50,-3,10/14/2013,898,73,Small Market,East,14,47,123,50,70,50,120,
BCD2-234-964,51,-37,10/15/2013,503,71,Major Market,Central,46,-7,130,40,70,30,110,76
BCA1-614-565,52,-21,10/16/2013,405,71,Major Market,Central,17,39,131,40,,60,110,45
BCC1-937-466,43,-18,10/17/2013,419,64,Major Market,Central,13,42,114,30,,60,100,36
BEC1-774-258,51,-46,10/18/2013,542,65,Major Market,East,46,-16,124,30,70,30,100,76
BEL1-682-484,72,32,10/19/2013,-868,110,Major Market,South,23,,194,40,70,50,110,55
LTG1-772-265,48,8,10/20/2013,851,70,Major Market,East,13,68,126,,70,60,120,24
BEC1-225-193,60,16,10/21/2013,329,99,Small Market,South,18,86,169,30,70,70,100,41
BEC1-541-330,,-20,10/22/2013,405,71,Small Market,West,17,40,131,30,70,60,100,44
BEC1-339-791,52,-12,01-06-2013,554,68,Major Market,East,47,-12,128,50,60,0,110,76
LHM2-561-303,75,35,01-07-2013,1063,89,Major Market,East,23,65,175,50,60,30,110,45
LHL2-806-332,46,16,01-08-2013,424,68,Major Market,South,14,46,121,40,60,30,100,37
LTD1-719-789,55,2,01-09-2013,410,69,Major Market,Central,20,22,132,,60,20,100,54
LTD1-708-943,50,31,01-10-2013,589,73,Major Market,Central,14,71,131,40,60,40,100,
LTE1-719-204,,13,01-11-2013,1042,68,Major Market,Central,17,43,133,40,60,30,100,39
BCD2-772-552,102,-1,7/17/2014,666,143,Major Market,East,31,89,245,90,130,,220,54
BED2-561-918,77,-9,7/18/2014,557,103,Major Market,East,25,51,180,70,100,60,170,52
BCC1-754-771,78,3,7/19/2014,798,119,Major Market,East,25,63,197,,100,60,170,56
BCC1-978-575,75,24,7/20/2014,-3287,379,Major Market,East,24,324,454,60,340,300,,55
BCC1-347-243,249,6,7/21/2014,2580,374,Major Market,East,87,236,623,220,340,230,560,138
BEC1-754-617,94,-5,7/22/2014,694,130,Major Market,East,85,15,,90,120,20,210,115
BEC1-347-216,121,-12,7/23/2014,3385,-60,Major Market,East,109,-202,61,110,-60,-190,50,142
BER1-508-676,181,-12,7/24/2014,1283,182,Major Market,East,50,108,363,170,180,120,350,74
BER1-646-590,211,-9,7/25/2014,933,464,Major Market,East,59,381,675,200,460,390,,83
LHC2-561-245,22,1,7/26/2014,570,30,Major Market,East,7,11,52,,20,10,30,19
LHL2-631-872,245,64,7/27/2014,1704,331,Major Market,East,93,204,,180,240,140,420,127
LHM2-914-398,225,-36,7/28/2014,4742,-65,Major Market,East,69,-156,160,160,-50,-120,110,91
LTD1-518-625,81,-6,7/29/2014,984,117,Major Market,East,22,84,198,80,,90,200,33
LTE1-315-969,118,-3,7/30/2014,930,172,Major Market,East,33,127,290,,170,130,290,45
BCD2-813-775,134,12,7/31/2014,690,186,Major Market,East,41,122,320,120,160,110,280,64
BED2-407-459,83,-12,08-01-2014,575,112,Major Market,East,27,58,195,,110,70,190,54
BCC1-754-977,88,-7,08-02-2014,817,133,Major Market,East,29,73,221,70,120,80,190,60
BCC1-351-688,67,30,08-03-2014,-3534,443,Major Market,East,22,390,510,,390,360,450,53
BCC1-845-977,279,21,08-04-2014,2642,420,Major Market,East,97,271,699,250,370,250,620,149
BEC1-305-796,105,-9,08-05-2014,716,145,Major Market,East,95,21,250,,140,30,240,124
BEC1-212-354,135,-14,08-06-2014,3641,-69,Major Market,East,122,-224,66,130,-70,,60,155
BER1-351-906,153,7,08-07-2014,1319,153,Major Market,East,42,87,306,150,140,80,290,66
BER1-718-856,250,-8,08-08-2014,723,407,Major Market,East,70,312,657,240,400,,640,95
LHL2-607-322,,99,08-09-2014,1727,453,Major Market,East,111,309,747,220,320,210,540,144
LHM2-716-940,241,-39,08-10-2014,5121,-93,Major Market,East,74,-189,148,180,-80,,100,96
LTD1-716-695,86,-1,08-11-2014,1003,124,Major Market,East,24,89,210,90,120,90,210,35
LTE1-718-407,123,-17,08-12-2014,959,179,Major Market,East,34,133,302,120,190,,310,46
BCD2-772-223,91,23,8/13/2014,656,127,Major Market,East,28,113,232,70,110,,180,51
BED2-321-428,86,-1,8/14/2014,547,116,Major Market,East,28,89,215,70,110,90,180,56
BCC1-315-134,279,152,9/15/2014,2642,420,Major Market,East,97,402,745,250,370,250,620,149
BEC1-305-897,105,1,9/16/2014,716,145,Major Market,East,95,31,266,100,140,30,240,124
BEC1-845-431,135,-122,9/17/2014,3641,-69,Major Market,East,122,-332,70,130,-70,-210,60,155
BER1-857-247,153,49,9/18/2014,1319,153,Major Market,East,42,129,326,,140,80,290,66
BER1-518-381,250,143,9/19/2014,723,407,Major Market,East,70,463,700,240,400,320,640,95
LHL2-631-525,294,249,9/20/2014,1727,453,Major Market,East,111,459,796,,320,210,540,144
LHM2-716-649,241,-130,9/21/2014,5121,-93,Major Market,East,74,-280,158,,-80,-150,100,96
LTD1-718-190,86,42,9/22/2014,1003,124,Major Market,East,24,132,224,90,120,90,210,35
LTE1-518-131,123,47,9/23/2014,959,179,Major Market,East,34,197,322,120,190,150,310,46
BCD2-719-233,108,-34,9/24/2014,971,157,Major Market,Central,30,116,265,100,160,150,260,41
BCD2-815-215,122,-45,9/25/2014,789,176,Major Market,Central,39,115,298,,190,160,300,61
BED2-303-569,72,-74,9/26/2014,650,110,Major Market,Central,23,56,182,,160,130,260,54
BED2-312-849,239,-151,9/27/2014,1755,239,Major Market,Central,66,149,478,340,370,300,710,90
BED2-614-468,54,-58,9/28/2014,404,66,Major Market,Central,20,12,120,70,100,70,170,
BCA1-970-362,123,-27,9/29/2014,915,179,Major Market,Central,34,133,302,120,180,160,300,46
BCC1-815-638,154,-40,9/30/2014,1132,213,Major Market,Central,50,120,367,150,220,160,370,
BEC1-303-650,76,-91,10-01-2014,580,111,Major Market,Central,21,79,187,100,180,170,280,32
BEC1-815-953,257,-196,10-02-2014,1662,341,Major Market,Central,84,224,598,370,520,420,890,117
BEC1-567-670,161,-98,10-03-2014,1267,161,Major Market,Central,45,92,322,230,240,190,,69
LHC2-719-712,,-18,10-04-2014,1267,161,Major Market,Central,45,92,322,120,140,110,260,69
LHC2-708-635,123,-7,10-05-2014,915,179,Major Market,Central,34,133,302,90,150,140,,46
LHM2-815-614,108,-4,10-06-2014,971,157,Major Market,Central,30,116,265,80,130,120,210,41
LTD1-234-676,82,5,10-07-2014,788,123,Major Market,Central,27,65,205,50,90,60,140,58
LTE1-614-359,91,-4,10-08-2014,656,127,Major Market,Central,28,76,218,50,100,80,,51
LTG1-720-406,90,-6,10-09-2014,572,115,Major Market,Central,29,74,205,50,90,80,140,41
BCD2-641-176,10,-12,10-10-2014,598,13,Small Market,Central,3,-2,23,,10,10,10,15
BCD2-715-752,86,-39,10-11-2014,547,116,Small Market,Central,28,61,202,80,120,100,200,55
BCC1-816-341,79,-35,10-12-2014,593,98,Small Market,Central,30,35,177,70,100,70,170,63
BCC1-715-994,96,-42,10/13/2014,683,134,Small Market,Central,87,18,230,90,140,60,230,116
BEC1-314-669,40,-54,10/14/2014,881,59,Small Market,Central,11,36,99,,90,90,140,23
BEC1-608-499,80,-72,10/15/2014,1055,94,Small Market,Central,24,48,174,110,140,,250,46
LHC2-712-632,257,14,10/16/2014,1662,341,Small Market,Central,84,224,598,200,280,210,480,117
LHL2-641-466,122,-16,10/17/2014,789,176,Small Market,Central,39,114,298,90,150,130,240,62
LHL2-573-733,86,-36,10/18/2014,1698,23,Small Market,Central,26,-26,109,60,20,10,80,49
LTD1-563-265,239,39,10/19/2014,1755,239,Small Market,Central,66,149,478,,170,110,340,90
LTE1-563-664,255,53,10/20/2014,1756,312,Small Market,Central,96,183,567,170,230,130,400,129
LTE1-417-273,25,-11,10/21/2014,209,31,Small Market,Central,9,-11,56,,20,0,30,42
BCD2-970-250,81,4,10/22/2014,984,117,Major Market,Central,22,84,198,80,110,80,190,33
BCD2-815-506,113,-4,10/23/2014,803,165,Major Market,Central,36,106,278,110,160,110,270,
BED2-303-823,75,-42,10/24/2014,659,114,Major Market,Central,24,58,189,90,150,,240,56
BED2-847-290,211,-71,10/25/2014,1778,212,Major Market,Central,59,129,423,270,270,200,540,83
BCA1-970-106,,-2,10/26/2014,930,172,Major Market,Central,33,128,290,110,170,130,280,44
BCC1-815-252,173,-1,10/27/2014,1150,239,Major Market,Central,57,139,412,170,230,,400,100
BEC1-303-491,50,-22,10/28/2014,589,73,Major Market,Central,14,48,123,60,90,70,150,25
BEC1-224-531,228,-94,10/29/2014,1691,304,Major Market,Central,75,196,532,290,390,290,680,108
BEC1-440-181,181,-63,10/30/2014,1283,182,Major Market,Central,50,107,363,230,,170,460,75
LHC2-970-347,181,7,10/31/2014,1283,182,Major Market,Central,50,107,363,,160,100,330,75
LHC2-312-249,118,17,11-01-2014,930,172,Major Market,Central,33,127,290,,150,110,260,45
LHM2-630-975,81,4,11-02-2014,984,117,Major Market,Central,22,84,198,70,110,80,180,33
LTD1-330-313,78,2,11-03-2014,798,119,Major Market,Central,25,62,197,60,100,60,160,57
LTE1-630-391,75,9,11-04-2014,659,114,Major Market,Central,24,59,189,60,90,50,150,55
LTE1-419-932,102,19,11-05-2014,666,143,Major Market,Central,31,89,245,80,120,70,200,
LTG1-719-432,88,10,11-06-2014,561,112,Major Market,Central,29,70,200,70,90,60,160,42
BCD2-641-128,10,-13,11-07-2014,596,13,Small Market,Central,3,-3,23,0,20,10,20,16
BCD2-262-741,77,-9,11-08-2014,557,103,Small Market,Central,25,51,180,70,100,60,170,52
BCA1-563-529,15,-2,11-09-2014,848,24,Small Market,Central,4,8,39,10,20,10,30,
BCC1-573-403,82,-2,11-10-2014,601,102,Small Market,Central,31,38,184,80,100,40,180,64
BCC1-262-403,94,-14,11-11-2014,694,130,Small Market,Central,85,16,224,90,130,30,220,114
BEL1-562-169,239,-11,03-09-2015,1755,239,Major Market,West,66,149,478,210,220,160,430,90
BEC1-562-285,125,-23,03-10-2015,898,173,Major Market,West,113,27,298,110,,50,270,146
LHC2-661-464,108,-5,03-11-2015,971,157,Major Market,West,30,115,265,80,130,120,210,42
LHL2-562-338,239,16,03-12-2015,1246,281,Major Market,West,74,186,520,190,,170,410,95
LTD1-562-681,123,54,3/13/2015,915,179,Major Market,West,34,134,302,50,90,80,140,45
BCD2-971-776,43,-51,3/14/2015,419,64,Small Market,West,13,29,,50,100,80,150,35
BCD2-435-522,79,-86,3/15/2015,593,98,Small Market,West,30,34,177,100,160,120,260,64
BCD2-425-404,96,-83,3/16/2015,683,134,Small Market,West,87,17,230,140,190,100,330,117
BED2-503-768,161,-19,3/17/2015,1267,161,Small Market,West,45,91,322,140,150,110,290,
BED2-253-776,80,-32,3/18/2015,1055,94,Small Market,West,24,48,174,60,90,80,150,46
BCA1-971-550,51,-55,3/19/2015,503,71,Small Market,West,46,-5,122,70,100,50,170,76
BCC1-435-363,53,-10,04-05-2014,380,71,Small Market,West,17,40,132,60,80,,140,44
BEC1-541-397,59,-1,04-06-2014,411,79,Small Market,West,19,49,147,,80,50,130,46
LHC2-262-571,53,21,04-07-2014,321,88,Small Market,Central,16,71,150,50,80,50,130,40
LTD1-860-553,54,16,04-08-2014,885,78,Small Market,East,15,76,141,50,80,60,130,27
BED2-419-662,46,-31,04-09-2014,422,57,Major Market,Central,17,9,110,,80,40,130,51
LTE1-708-948,67,30,04-10-2014,677,101,Major Market,Central,22,70,179,50,80,40,130,54
LTG1-585-192,54,17,04-11-2014,601,79,Major Market,East,15,77,142,50,,60,130,27
LTG1-510-516,67,20,04-12-2014,677,101,Major Market,West,22,70,179,40,80,50,120,54
BCD2-541-135,41,-13,4/13/2014,435,60,Small Market,West,13,37,,40,80,50,120,35
BCA1-920-202,65,3,4/14/2014,403,80,Small Market,Central,24,33,155,60,80,30,140,
BCA1-541-980,47,-30,4/15/2014,521,65,Small Market,West,42,-10,119,50,80,20,130,72
BCC1-435-640,49,-19,4/16/2014,392,65,Small Market,West,16,31,121,50,80,50,130,44
BEC1-509-718,65,4,4/17/2014,403,80,Small Market,West,24,34,155,60,80,30,140,
LHL2-318-333,68,9,4/18/2014,619,85,Small Market,South,25,39,163,60,80,30,140,59
BCD2-214-172,39,-54,4/19/2014,541,51,Major Market,South,12,26,90,40,90,,130,25
BCC1-936-264,239,-155,4/20/2014,1246,281,Major Market,South,74,185,520,350,420,340,770,96
BEC1-210-791,123,33,4/21/2014,915,179,Major Market,South,34,133,302,,120,100,190,46
BCD2-225-991,48,-35,4/22/2014,851,70,Small Market,South,13,,118,70,90,80,160,25
BCC1-225-675,48,-33,4/23/2014,829,71,Small Market,South,13,47,119,70,90,80,160,24
BCC1-505-244,45,-57,4/24/2014,447,69,Small Market,South,14,23,114,50,110,80,160,46
BCC1-918-851,90,-66,4/25/2014,572,115,Small Market,South,29,,205,130,160,140,290,41
BEL1-505-337,25,-22,4/26/2014,-466,31,Small Market,South,9,-12,56,10,20,10,30,43
LHC2-225-113,103,-23,4/27/2014,564,133,Small Market,South,33,87,236,80,130,110,210,46
BEC1-530-957,135,6,08-05-2015,940,187,Major Market,West,,46,343,130,180,40,310,156